ISA*00*          *00*          *ZZ*CHC            *ZZ*00962249       *260626*0617*^*00501*488407861*0*P*:~GS*HP*CHC*00962249*20260626*06173900*488407861*X*005010X221A1~ST*835*000000001~BPR*I*2612*C*ACH*CCP*01*011900445*DA*0000009046*1066033492**01*121000248*DA*4122170038*20260701~TRN*1*826177000047129*1066033492~REF*EV*133052274~DTM*405*20260626~N1*PR*AETNA~N3*151 FARMINGTON AVENUE~N4*HARTFORD*CT*06156~REF*2U*60054~PER*BL*PROVIDER SERVICE~N1*PE*THE RENFREW CENTER OF PHILADELPHIA LLC*XX*1417971904~N3*PO BOX 713700~N4*PHILADELPHIA*PA*191713700~REF*PQ*182224660~REF*TJ*200994813~LX*1~TS3*1417971904*22*20261231*1*6000~CLP*CX154605X1*1*6000*2612**13*E2Y2TGW5B0000*13*3~NM1*QC*1*ANTKOWIAK*ANDREA~NM1*IL*1*ANTKOWIAK*MARK****MI*W248171241~NM1*82*2*THE RENFREW CENTER OF PENNSYLVANIA,*****XX*1417971904~REF*1L*0109218-030-00001-IL~REF*CE*AETNA CHOICE  POS II NET 00408~DTM*232*20260420~DTM*233*20260424~DTM*050*20260427~PER*CX**TE*8886323862~AMT*AU*6000~SVC*HC:H0035:95*1500*653*0912*1~DTM*472*20260420~CAS*CO*45*847~REF*6R*CX154605X67680.004~AMT*B6*653~SVC*HC:H0035:95*1500*653*0912*1~DTM*472*20260422~CAS*CO*45*847~REF*6R*CX154605X67682.002~AMT*B6*653~SVC*HC:H0035:95*1500*653*0912*1~DTM*472*20260423~CAS*CO*45*847~REF*6R*CX154605X67683.001~AMT*B6*653~SVC*HC:H0035:95*1500*653*0912*1~DTM*472*20260424~CAS*CO*45*847~REF*6R*CX154605X67684.004~AMT*B6*653~SE*49*000000001~GE*1*488407861~IEA*1*488407861~