ISA*00*          *00*          *ZZ*CHC            *ZZ*00962249       *260606*0817*^*00501*773004437*0*P*:~GS*HP*CHC*00962249*20260606*08171800*773004437*X*005010X221A1~ST*835*000000001~BPR*I*2681*C*ACH*CCP*01*004401195*DA*0000070420*1411648670**01*121000248*DA*4122170038*20260608~TRN*1*260604090048490*1411648670~REF*EV*133052274~REF*F2*PM~DTM*405*20260605~N1*PR*EVERNORTH BEHAVIORAL HEALTH, INC.~N3*P.O. BOX 182223~N4*CHATTANOOGA*TN*374227223~REF*2U*62308~PER*BL*EDI HELP DESK*TE*8008103388~N1*PE*RENFREW CTR OF MD*XX*1093940405~N3*PO BOX 713700~N4*PHILADELPHIA*PA*191713700~REF*TJ*264628647~LX*1~TS3*1093940405*13*20261231*2*5250~CLP*CX156115X1*1*3000*1532**13*9682615400770*13*3~NM1*QC*1*HALSTED*PAIGE****MI*U9669875603~NM1*IL*1*OLSON*ANGELA****MI*U9669875601~REF*1L*3341266~REF*CE*OPEN ACCESS PLUS~REF*EA*IDX135077X4~DTM*050*20260603~DTM*232*20260526~DTM*233*20260529~PER*CX*MEMBER SERVICES*TE*8002446224~AMT*AU*1532~SVC*HC:S9480*750*383*0905*1~DTM*150*20260526~DTM*151*20260526~CAS*CO*45*367~REF*6R*CX156115X67716.001~AMT*B6*383~SVC*HC:S9480*750*383*0905*1~DTM*150*20260527~DTM*151*20260527~CAS*CO*45*367~REF*6R*CX156115X67717.002~AMT*B6*383~SVC*HC:S9480*750*383*0905*1~DTM*150*20260528~DTM*151*20260528~CAS*CO*45*367~REF*6R*CX156115X67718.001~AMT*B6*383~SVC*HC:S9480*750*383*0905*1~DTM*150*20260529~DTM*151*20260529~CAS*CO*45*367~REF*6R*CX156115X67719.002~AMT*B6*383~CLP*CX156117X3*1*2250*1149**13*4682615497109*13*3~NM1*QC*1*HARRIS*AMY*S***MI*U8420039801~REF*1L*3210388~REF*CE*OPEN ACCESS PLUS IN-NETWORK~REF*EA*IDX135381X4~REF*G1*NO AUTH REQUIRED~DTM*050*20260603~DTM*232*20260526~DTM*233*20260528~PER*CX*MEMBER SERVICES*TE*8002446224~AMT*AU*1149~SVC*HC:S9480*750*383*0905*1~DTM*150*20260526~DTM*151*20260526~CAS*CO*45*367~REF*6R*CX156117X67716.001~AMT*B6*383~SVC*HC:S9480*750*383*0905*1~DTM*150*20260527~DTM*151*20260527~CAS*CO*45*367~REF*6R*CX156117X67717.001~AMT*B6*383~SVC*HC:S9480*750*383*0905*1~DTM*150*20260528~DTM*151*20260528~CAS*CO*45*367~REF*6R*CX156117X67718.001~AMT*B6*383~SE*82*000000001~GE*1*773004437~IEA*1*773004437~