ISA*00*          *00*          *ZZ*CHC            *ZZ*00962249       *260712*1431*^*00501*894803080*0*P*:~GS*HP*CHC*00962249*20260712*14310200*894803080*X*005010X221A1~ST*835*000000001~BPR*I*552*C*ACH*CCP*01*124384877*DA*720000537*1391995276*0000UMR01*01*121000248*DA*4122170038*20260714~TRN*1*CO33806122317316187215562*1391995276*0000UMR01~REF*EV*841162789~DTM*405*20260706~N1*PR*UMR~N3*PO BOX 30541~N4*SALT LAKE CITY*UT*841300541~REF*2U*39026~PER*CX*UMR EDI TEAM*TE*8005575087~PER*BL*UMR EDI TEAM*EM*UMR-EDI-IT-TEAM DL@DS.UHC.COM~N1*PE*THE RENFREW CENTER OF TENNESSEE LLC*XX*1083812762~N3*PO BOX 823700~N4*PHILADELPHIA*PA*19182~REF*TJ*205497459~LX*1~CLP*CX157374X1*1*1500*552**12*26182541573*13*4~NM1*QC*1*JONGENEEL*AVA~NM1*IL*1*JONGENEEL*KENRIC****MI*51529418~NM1*82*1*SPISAK*RACHAEL****XX*1063897130~REF*1L*76417701~AMT*AU*1500~SVC*HC:H0035*1500*552*0912~DTM*472*20260622~CAS*CO*45*948~REF*6R*CX157374X67743.002~AMT*B6*552~SE*28*000000001~GE*1*894803080~IEA*1*894803080~