ISA*00*          *00*          *ZZ*CHC            *ZZ*00962249       *260701*1214*^*00501*970218057*0*P*:‾GS*HP*CHC*00962249*20260701*12143400*970218057*X*005010X221A1‾ST*835*000000001‾BPR*I*10208*C*ACH*CCP*01*043301627*DA*1069954659C*1341858379**01*121000248*DA*4122170038*20260703‾TRN*1*1252940751*1341858379‾DTM*405*20260701‾N1*PR*INDEPENDENCE BLUE CROSS, LLC‾N3*1901 MARKET STREET‾N4*PHILADELPHIA*PA*19103‾REF*2U*SX055‾PER*CX*EDI SUPPORT TEAM*FX*4408355656*TE*4408353511‾PER*BL*EDI SUPPORT TEAM‾N1*PE*PA THE RENFREW CENTERS*XX*1417971904‾N3*PO BOX 823700‾N4*PHILADELPHIA*PA*19182‾REF*TJ*200994813‾LX*1‾CLP*CX156897X1*1*6000*2756*120*ZZ*2026175045077*13*3‾NM1*QC*1*MIFFLIN*LILLI*E***MI*2500496300‾NM1*IL*1*MIFFLIN*JASON*W***MI*2500496300‾REF*CE*902056916‾DTM*232*20260616‾DTM*233*20260619‾DTM*050*20260625‾PER*CX**TE*4408353511‾AMT*AU*2876‾SVC*NU:0912*1500*689**1**0‾DTM*472*20260616‾CAS*CO*45*781*1‾CAS*PR*3*30*1‾REF*6R*CX156897X67737.003‾AMT*B6*719‾SVC*NU:0912*1500*689**1**0‾DTM*472*20260617‾CAS*CO*45*781*1‾CAS*PR*3*30*1‾REF*6R*CX156897X67738.005‾AMT*B6*719‾SVC*NU:0912*1500*689**1**0‾DTM*472*20260618‾CAS*CO*45*781*1‾CAS*PR*3*30*1‾REF*6R*CX156897X67739.004‾AMT*B6*719‾SVC*NU:0912*1500*689**1**0‾DTM*472*20260619‾CAS*CO*45*781*1‾CAS*PR*3*30*1‾REF*6R*CX156897X67740.003‾AMT*B6*719‾CLP*CX156902X3*1*6000*2876**ZZ*2026175045079*13*3‾NM1*QC*1*GROVE*VERONICA****MI*2504026800‾NM1*IL*1*GROVE*FRANS****MI*2504026800‾REF*CE*902050143‾DTM*232*20260616‾DTM*233*20260619‾DTM*050*20260625‾PER*CX**TE*4408353511‾AMT*AU*2876‾SVC*NU:0912*1500*719**1**0‾DTM*472*20260616‾CAS*CO*45*781*1‾REF*6R*CX156902X67737.002‾AMT*B6*719‾SVC*NU:0912*1500*719**1**0‾DTM*472*20260617‾CAS*CO*45*781*1‾REF*6R*CX156902X67738.003‾AMT*B6*719‾SVC*NU:0912*1500*719**1**0‾DTM*472*20260618‾CAS*CO*45*781*1‾REF*6R*CX156902X67739.001‾AMT*B6*719‾SVC*NU:0912*1500*719**1**0‾DTM*472*20260619‾CAS*CO*45*781*1‾REF*6R*CX156902X67740.001‾AMT*B6*719‾CLP*CX156908X3*1*2250*1131*45*ZZ*2026175045088*13*3‾NM1*QC*1*PENCE*KAIA****MI*2520217300‾NM1*IL*1*PENCE*DAVID*R***MI*2520217300‾REF*CE*902041251‾DTM*232*20260615‾DTM*233*20260617‾DTM*050*20260625‾PER*CX**TE*4408353511‾AMT*AU*1176‾SVC*NU:0905*750*377**1**0‾DTM*472*20260615‾CAS*CO*45*358*1‾CAS*PR*3*15*1‾REF*6R*CX156908X67736.001‾AMT*B6*392‾SVC*NU:0905*750*377**1**0‾DTM*472*20260616‾CAS*CO*45*358*1‾CAS*PR*3*15*1‾REF*6R*CX156908X67737.001‾AMT*B6*392‾SVC*NU:0905*750*377**1**0‾DTM*472*20260617‾CAS*CO*45*358*1‾CAS*PR*3*15*1‾REF*6R*CX156908X67738.003‾AMT*B6*392‾CLP*CX156901X2*1*7500*3445*150*ZZ*2026175045090*13*3‾NM1*QC*1*KEARNEY*ROSE****MI*2518961400‾NM1*IL*1*KEARNEY*CHRISTOPHER*L***MI*2518961400‾REF*CE*902046296‾DTM*232*20260615‾DTM*233*20260619‾DTM*050*20260625‾PER*CX**TE*4408353511‾AMT*AU*3595‾SVC*NU:0912*1500*689**1**0‾DTM*472*20260615‾CAS*CO*45*781*1‾CAS*PR*3*30*1‾REF*6R*CX156901X67736.002‾AMT*B6*719‾SVC*NU:0912*1500*689**1**0‾DTM*472*20260616‾CAS*CO*45*781*1‾CAS*PR*3*30*1‾REF*6R*CX156901X67737.001‾AMT*B6*719‾SVC*NU:0912*1500*689**1**0‾DTM*472*20260617‾CAS*CO*45*781*1‾CAS*PR*3*30*1‾REF*6R*CX156901X67738.003‾AMT*B6*719‾SVC*NU:0912*1500*689**1**0‾DTM*472*20260618‾CAS*CO*45*781*1‾CAS*PR*3*30*1‾REF*6R*CX156901X67739.001‾AMT*B6*719‾SVC*NU:0912*1500*689**1**0‾DTM*472*20260619‾CAS*CO*45*781*1‾CAS*PR*3*30*1‾REF*6R*CX156901X67740.002‾AMT*B6*719‾SE*144*000000001‾ST*835*000000002‾BPR*I*10231.2*C*ACH*CCP*01*043301627*DA*1069954659C*1341858379**01*121000248*DA*4122170038*20260703‾TRN*1*1252940750*1341858379‾DTM*405*20260701‾N1*PR*INDEPENDENCE ADMINISTRATORS‾N3*PO BOX 21974‾N4*EAGAN*MN*55121‾REF*2U*SX055‾PER*CX*EDI SUPPORT TEAM*FX*4408355656*TE*4408353511‾PER*BL*EDI SUPPORT TEAM‾N1*PE*PA THE RENFREW CENTERS*XX*1417971904‾N3*PO BOX 823700‾N4*PHILADELPHIA*PA*19182‾REF*TJ*200994813‾LX*1‾CLP*CX156625X1*1*3000*1278.9*142.1*ZZ*2026170042756*11*4‾NM1*QC*1*FIGUEROA*STACY****MI*2067470600‾NM1*IL*1*FIGUEROA*CAITY*J***MI*2067470600‾REF*CE*902071014‾DTM*232*20260608‾DTM*050*20260625‾PER*CX**TE*4408353511‾AMT*AU*1421‾SVC*NU:1001*3000*1278.9**1**0‾DTM*472*20260608‾CAS*CO*45*1579*1‾CAS*PR*2*142.1*1‾REF*6R*CX156625X67729.003‾AMT*B6*1421‾CLP*CX156626X2*1*21000*8952.3*994.7*ZZ*2026170042763*11*3‾NM1*QC*1*LAMPMAN*ALEXIS****MI*1249585000‾NM1*IL*1*JOHNSON*STACEY****MI*1249585000‾REF*CE*902030614‾DTM*232*20260608‾DTM*233*20260614‾DTM*050*20260625‾PER*CX**TE*4408353511‾AMT*AU*9947‾SVC*NU:1001*3000*1278.9**1**0‾DTM*472*20260608‾CAS*CO*45*1579*1‾CAS*PR*2*142.1*1‾REF*6R*CX156626X67729.005‾AMT*B6*1421‾SVC*NU:1001*3000*1278.9**1**0‾DTM*472*20260609‾CAS*CO*45*1579*1‾CAS*PR*2*142.1*1‾REF*6R*CX156626X67730.002‾AMT*B6*1421‾SVC*NU:1001*3000*1278.9**1**0‾DTM*472*20260610‾CAS*CO*45*1579*1‾CAS*PR*2*142.1*1‾REF*6R*CX156626X67731.001‾AMT*B6*1421‾SVC*NU:1001*3000*1278.9**1**0‾DTM*472*20260611‾CAS*CO*45*1579*1‾CAS*PR*2*142.1*1‾REF*6R*CX156626X67732.002‾AMT*B6*1421‾SVC*NU:1001*3000*1278.9**1**0‾DTM*472*20260612‾CAS*CO*45*1579*1‾CAS*PR*2*142.1*1‾REF*6R*CX156626X67733.003‾AMT*B6*1421‾SVC*NU:1001*3000*1278.9**1**0‾DTM*472*20260613‾CAS*CO*45*1579*1‾CAS*PR*2*142.1*1‾REF*6R*CX156626X67734.004‾AMT*B6*1421‾SVC*NU:1001*3000*1278.9**1**0‾DTM*472*20260614‾CAS*CO*45*1579*1‾CAS*PR*2*142.1*1‾REF*6R*CX156626X67735.003‾AMT*B6*1421‾SE*81*000000002‾ST*835*000000003‾BPR*I*1176*C*ACH*CCP*01*043301627*DA*1069954659C*1341858379**01*121000248*DA*4122170038*20260703‾TRN*1*1252940752*1341858379‾DTM*405*20260701‾N1*PR*INDEPENDENCE BLUE CROSS, LLC‾N3*1901 MARKET STREET‾N4*PHILADELPHIA*PA*19103‾REF*2U*SX055‾PER*CX*EDI SUPPORT TEAM*FX*4408355656*TE*4408353511‾PER*BL*EDI SUPPORT TEAM‾N1*PE*PA THE RENFREW CENTERS*XX*1417971904‾N3*PO BOX 823700‾N4*PHILADELPHIA*PA*19182‾REF*TJ*200994813‾LX*1‾CLP*CX156910X5*1*2250*1176**ZZ*2026175045108*13*3‾NM1*QC*1*MUNOZ*SOPHIA*L***MI*2504776000‾NM1*IL*1*MUNOZ*ROBERT*H***MI*2504776000‾REF*CE*902061246‾DTM*232*20260615‾DTM*233*20260618‾DTM*050*20260625‾PER*CX**TE*4408353511‾AMT*AU*1176‾SVC*NU:0905*750*392**1**0‾DTM*472*20260615‾CAS*CO*45*358*1‾REF*6R*CX156910X67736.001‾AMT*B6*392‾SVC*NU:0905*750*392**1**0‾DTM*472*20260617‾CAS*CO*45*358*1‾REF*6R*CX156910X67738.001‾AMT*B6*392‾SVC*NU:0905*750*392**1**0‾DTM*472*20260618‾CAS*CO*45*358*1‾REF*6R*CX156910X67739.001‾AMT*B6*392‾SE*40*000000003‾GE*3*970218057‾IEA*1*970218057‾