ISA*00*          *00*          *ZZ*CHC            *ZZ*00962249       *260622*0633*^*00501*145804905*0*P*:~GS*HP*CHC*00962249*20260622*06331800*145804905*X*005010X221A1~ST*835*000000001~BPR*I*8596*C*ACH*CCP*01*031100225*DA*4058564014/*1220999690*999999999*01*121000248*DA*4122170038*20260620~TRN*1*0077313080*1220999690*8352026062106550381~REF*EV*1164514691~DTM*405*20260620~N1*PR*HORIZON BCBSNJ~N3*P O  BOX 420~N4*NEWARK*NJ*071010420~REF*2U*22099~PER*BL*HORIZON BCBSNJ*EM*HORIZONEDI@HORIZONBLUE.COM*TE*8883349242~N1*PE*THE RENFREW CENTER OF NEW JERS*XX*1164514691~N3*PO BOX 713700~N4*PHILADELPHIA*PA*191713700~REF*PQ*001368~REF*TJ*223704728~LX*1~CLP*CX156714X2*1*750*318**13*780202616918259   00*13*2~NM1*QC*1*GENDEK*AGNES****MI*NJX3HZN54755660~NM1*IL*1*GENDEK*JEFF****MI*NJX3HZN54755660~NM1*74*1**JEFFREY****C*NJX3HZN547556600~NM1*82*2*ASHLEY  HOADLEY*****XX*1821357682~DTM*232*20260611~DTM*233*20260611~DTM*050*20260618~PER*CX*NJ DIRECT*TE*8886662535~AMT*AU*318~AMT*T2*318~SVC*HC:S9480*750*318*0905*1~DTM*472*20260611~CAS*CO*45*432~REF*6R*CX156714X67732.001~REF*APC*00000~AMT*B6*318~CLP*CX156710X1*1*7500*3185**13*780202616918271   00*13*3~NM1*QC*1*RAVEN*ANASTASIA****MI*NJX3HZN17420950~NM1*IL*1*MCCOY*LISA****MI*NJX3HZN17420950~NM1*74*1******C*NJX3HZN174209500~NM1*82*2*ASHLEY  HOADLEY*****XX*1821357682~DTM*232*20260608~DTM*233*20260612~DTM*050*20260618~PER*CX*NJ DIRECT*TE*8886662535~AMT*AU*3185~AMT*T2*3185~SVC*HC:H0035*1500*637*0912*1~DTM*472*20260608~CAS*CO*45*863~REF*6R*CX156710X67729.001~REF*APC*00000~AMT*B6*637~SVC*HC:H0035*1500*637*0912*1~DTM*472*20260609~CAS*CO*45*863~REF*6R*CX156710X67730.004~REF*APC*00000~AMT*B6*637~SVC*HC:H0035*1500*637*0912*1~DTM*472*20260610~CAS*CO*45*863~REF*6R*CX156710X67731.004~REF*APC*00000~AMT*B6*637~SVC*HC:H0035*1500*637*0912*1~DTM*472*20260611~CAS*CO*45*863~REF*6R*CX156710X67732.001~REF*APC*00000~AMT*B6*637~SVC*HC:H0035*1500*637*0912*1~DTM*472*20260612~CAS*CO*45*863~REF*6R*CX156710X67733.004~REF*APC*00000~AMT*B6*637~CLP*CX156717X3*1*7500*3185**13*780202616918361   00*13*3~NM1*QC*1*DEMCZUK*OLIVIA****MI*NJX3HZN97411020~NM1*IL*1*DEMCZUK*MELISSA****MI*NJX3HZN97411020~NM1*74*1******C*NJX3HZN974110200~NM1*82*2*ASHLEY  HOADLEY*****XX*1821357682~DTM*232*20260608~DTM*233*20260612~DTM*050*20260618~PER*CX*NATIONAL ACCOUNTS PPO*TE*8006244758~AMT*AU*3185~AMT*T2*3185~SVC*HC:H0035*1500*637*0912*1~DTM*472*20260608~CAS*CO*45*863~REF*6R*CX156717X67729.003~REF*APC*00000~AMT*B6*637~SVC*HC:H0035*1500*637*0912*1~DTM*472*20260609~CAS*CO*45*863~REF*6R*CX156717X67730.001~REF*APC*00000~AMT*B6*637~SVC*HC:H0035*1500*637*0912*1~DTM*472*20260610~CAS*CO*45*863~REF*6R*CX156717X67731.002~REF*APC*00000~AMT*B6*637~SVC*HC:H0035*1500*637*0912*1~DTM*472*20260611~CAS*CO*45*863~REF*6R*CX156717X67732.002~REF*APC*00000~AMT*B6*637~SVC*HC:H0035*1500*637*0912*1~DTM*472*20260612~CAS*CO*45*863~REF*6R*CX156717X67733.001~REF*APC*00000~AMT*B6*637~CLP*CX156713X1*1*2250*954**13*780202616918395   00*13*4~NM1*QC*1*FEINSTEIN*HEATHER****MI*NJX3HZN25531220~NM1*IL*1*FEINSTEIN*LAUREN****MI*NJX3HZN25531220~NM1*74*1******C*NJX3HZN255312200~NM1*82*2*ASHLEY  HOADLEY*****XX*1821357682~DTM*232*20260608~DTM*233*20260612~DTM*050*20260618~PER*CX*NATIONAL ACCOUNTS PPO*TE*8006244758~AMT*AU*954~AMT*T2*954~SVC*HC:S9480*750*318*0905*1~DTM*472*20260608~CAS*CO*45*432~REF*6R*CX156713X67729.001~REF*APC*00000~AMT*B6*318~SVC*HC:S9480*750*318*0905*1~DTM*472*20260610~CAS*CO*45*432~REF*6R*CX156713X67731.003~REF*APC*00000~AMT*B6*318~SVC*HC:S9480*750*318*0905*1~DTM*472*20260612~CAS*CO*45*432~REF*6R*CX156713X67733.004~REF*APC*00000~AMT*B6*318~CLP*CX156721X1*1*2250*954**13*780202616918194   00*13*3~NM1*QC*1*SIMON*KATELYN****MI*NJX3HZN64715860~NM1*IL*1*SHELLY-SIMON*KATHLEEN****MI*NJX3HZN64715860~NM1*74*1*SHELLEY SIMON*****C*NJX3HZN647158600~NM1*82*2*ASHLEY  HOADLEY*****XX*1821357682~DTM*232*20260610~DTM*233*20260612~DTM*050*20260618~PER*CX*NATIONAL ACCOUNTS PPO*TE*8006244758~AMT*AU*954~AMT*T2*954~SVC*HC:S9480*750*318*0905*1~DTM*472*20260610~CAS*CO*45*432~REF*6R*CX156721X67731.002~REF*APC*00000~AMT*B6*318~SVC*HC:S9480*750*318*0905*1~DTM*472*20260611~CAS*CO*45*432~REF*6R*CX156721X67732.001~REF*APC*00000~AMT*B6*318~SVC*HC:S9480*750*318*0905*1~DTM*472*20260612~CAS*CO*45*432~REF*6R*CX156721X67733.001~REF*APC*00000~AMT*B6*318~SE*174*000000001~GE*1*145804905~IEA*1*145804905~