ISA*00*          *00*          *ZZ*CHC            *ZZ*00962249       *260610*0617*^*00501*119205997*0*P*:~GS*HP*CHC*00962249*20260610*06175000*119205997*X*005010X221A1~ST*835*000000001~BPR*I*10025*C*ACH*CCP*01*011900445*DA*0000009046*1066033492**01*121000248*DA*4122170038*20260615~TRN*1*826161000573199*1066033492~REF*EV*133052274~DTM*405*20260610~N1*PR*AETNA~N3*151 FARMINGTON AVENUE~N4*HARTFORD*CT*06156~REF*2U*60054~PER*BL*PROVIDER SERVICE~N1*PE*THE RENFREW CENTER OF FLORIDA, LLC*XX*1912008137~N3*PO BOX 713700~N4*PHILADELPHIA*PA*191713700~REF*PQ*417044550~REF*TJ*200995125~LX*1~TS3*1912008137*22*20261231*7*40500~CLP*CX156031X4*1*6000*2492**12*EDY2W10LK0000*13*3~NM1*QC*1*LADD*ANGELINA~NM1*IL*1*LADD*LEA****MI*W223488799~NM1*82*2*THE RENFREW CENTER OF ORLANDO, LLC*****XX*1912008137~REF*1L*0326404-040-00100-AD~REF*CE*OPEN ACCESS AETNA SELECT  8480 NET 08091~DTM*232*20260526~DTM*233*20260529~DTM*050*20260602~PER*CX**TE*8886323862~AMT*AU*6000~SVC*HC:H0035*1500*623*0912*1~DTM*472*20260526~CAS*CO*45*877~REF*6R*CX156031X67716.002~AMT*B6*623~SVC*HC:H0035*1500*623*0912*1~DTM*472*20260527~CAS*CO*45*877~REF*6R*CX156031X67717.004~AMT*B6*623~SVC*HC:H0035*1500*623*0912*1~DTM*472*20260528~CAS*CO*45*877~REF*6R*CX156031X67718.001~AMT*B6*623~SVC*HC:H0035*1500*623*0912*1~DTM*472*20260529~CAS*CO*45*877~REF*6R*CX156031X67719.004~AMT*B6*623~CLP*CX156030X3*1*6000*2118.2*373.8*13*EFADW6G7T0000*13*3~NM1*QC*1*MORGAN*ERIN~NM1*IL*1*MORGAN*JEFFREY****MI*W23277229~NM1*74*1******C*W232772299~NM1*82*2*THE RENFREW CENTER OF ORLANDO, LLC*****XX*1912008137~REF*G1*074688752~REF*1L*0818717-037-00006-VB~REF*CE*AETNA CHOICE  POS II NET 00449~DTM*232*20260526~DTM*233*20260529~DTM*050*20260602~PER*CX**TE*8886323862~AMT*AU*6000~SVC*HC:H0035*1500*529.55*0912*1~DTM*472*20260526~CAS*CO*45*877~CAS*PR*2*93.45~REF*6R*CX156030X67716.002~AMT*B6*623~SVC*HC:H0035*1500*529.55*0912*1~DTM*472*20260527~CAS*CO*45*877~CAS*PR*2*93.45~REF*6R*CX156030X67717.004~AMT*B6*623~SVC*HC:H0035*1500*529.55*0912*1~DTM*472*20260528~CAS*CO*45*877~CAS*PR*2*93.45~REF*6R*CX156030X67718.002~AMT*B6*623~SVC*HC:H0035*1500*529.55*0912*1~DTM*472*20260529~CAS*CO*45*877~CAS*PR*2*93.45~REF*6R*CX156030X67719.005~AMT*B6*623~CLP*CX156456X3*1*7500*0**12*EFADXBZ8C0000*13*3~NM1*QC*1*LADD*ANGELINA~NM1*IL*1*LADD*LEA****MI*W223488799~NM1*82*2*THE RENFREW CENTER OF ORLANDO, LLC*****XX*1912008137~REF*1L*0326404-040-00100-AD~REF*CE*OPEN ACCESS AETNA SELECT  8480 NET 08091~DTM*232*20260601~DTM*233*20260605~DTM*050*20260609~PER*CX**TE*8886323862~SVC*HC:H0035*1500*0*0912*0**1~DTM*472*20260601~CAS*CO*197*1500*1~REF*6R*CX156456X67722.003~SVC*HC:H0035*1500*0*0912*0**1~DTM*472*20260602~CAS*CO*197*1500*1~REF*6R*CX156456X67723.002~SVC*HC:H0035*1500*0*0912*0**1~DTM*472*20260603~CAS*CO*197*1500*1~REF*6R*CX156456X67724.003~SVC*HC:H0035*1500*0*0912*0**1~DTM*472*20260604~CAS*CO*197*1500*1~REF*6R*CX156456X67725.001~SVC*HC:H0035*1500*0*0912*0**1~DTM*472*20260605~CAS*CO*197*1500*1~REF*6R*CX156456X67726.003~CLP*CX156029X2*1*6000*2242.8*249.2*12*EFFDW6H6F0000*13*2~NM1*QC*1*KRUEGER*EMMA~NM1*IL*1*KRUEGER*LOLANDA****MI*W197787373~NM1*82*2*THE RENFREW CENTER OF ORLANDO, LLC*****XX*1912008137~REF*1L*0237541-012-00056-DC~REF*CE*OPEN ACCESS AETNA SELECT  8480 NET 13713~DTM*232*20260526~DTM*233*20260529~DTM*050*20260602~PER*CX**TE*8886323862~AMT*AU*6000~SVC*HC:H0035*1500*560.7*0912*1~DTM*472*20260526~CAS*CO*45*877~CAS*PR*2*62.3~REF*6R*CX156029X67716.002~AMT*B6*623~SVC*HC:H0035*1500*560.7*0912*1~DTM*472*20260527~CAS*CO*45*877~CAS*PR*2*62.3~REF*6R*CX156029X67717.004~AMT*B6*623~SVC*HC:H0035*1500*560.7*0912*1~DTM*472*20260528~CAS*CO*45*877~CAS*PR*2*62.3~REF*6R*CX156029X67718.002~AMT*B6*623~SVC*HC:H0035*1500*560.7*0912*1~DTM*472*20260529~CAS*CO*45*877~CAS*PR*2*62.3~REF*6R*CX156029X67719.005~AMT*B6*623~CLP*CX156454X1*1*7500*0**12*EFFDXB1K30000*13*3~NM1*QC*1*KRUEGER*EMMA~NM1*IL*1*KRUEGER*LOLANDA****MI*W197787373~NM1*82*2*THE RENFREW CENTER OF ORLANDO, LLC*****XX*1912008137~REF*1L*0237541-012-00056-DC~REF*CE*OPEN ACCESS AETNA SELECT  8480 NET 13713~DTM*232*20260601~DTM*233*20260605~DTM*050*20260609~PER*CX**TE*8886323862~SVC*HC:H0035*1500*0*0912*0**1~DTM*472*20260601~CAS*CO*197*1500*1~REF*6R*CX156454X67722.003~SVC*HC:H0035*1500*0*0912*0**1~DTM*472*20260602~CAS*CO*197*1500*1~REF*6R*CX156454X67723.002~SVC*HC:H0035*1500*0*0912*0**1~DTM*472*20260603~CAS*CO*197*1500*1~REF*6R*CX156454X67724.003~SVC*HC:H0035*1500*0*0912*0**1~DTM*472*20260604~CAS*CO*197*1500*1~REF*6R*CX156454X67725.001~SVC*HC:H0035*1500*0*0912*0**1~DTM*472*20260605~CAS*CO*197*1500*1~REF*6R*CX156454X67726.004~CLP*CX156028X1*1*6000*2492**13*EFPDW6G0F0000*13*4~NM1*QC*1*BENNETT*MOLLY~NM1*IL*1*SHOOK*MELISSA****MI*W292364487~NM1*82*2*THE RENFREW CENTER OF ORLANDO, LLC*****XX*1912008137~REF*G1*074716536~REF*1L*0247107-011-00001-AA~REF*CE*AETNA CHOICE  POS II NET 00449~DTM*232*20260526~DTM*233*20260529~DTM*050*20260602~PER*CX**TE*8886323862~AMT*AU*6000~SVC*HC:H0035*1500*623*0912*1~DTM*472*20260526~CAS*CO*45*877~REF*6R*CX156028X67716.002~AMT*B6*623~SVC*HC:H0035*1500*623*0912*1~DTM*472*20260527~CAS*CO*45*877~REF*6R*CX156028X67717.004~AMT*B6*623~SVC*HC:H0035*1500*623*0912*1~DTM*472*20260528~CAS*CO*45*877~REF*6R*CX156028X67718.001~AMT*B6*623~SVC*HC:H0035*1500*623*0912*1~DTM*472*20260529~CAS*CO*45*877~REF*6R*CX156028X67719.003~AMT*B6*623~CLP*CX156458X1*1*1500*680**13*EFY2XBM200000*13*2~NM1*QC*1*BENNETT*MOLLY~NM1*IL*1*SHOOK*MELISSA****MI*W292364487~NM1*82*2*THE RENFREW CENTER OF ORLANDO, LLC*****XX*1912008137~REF*1L*0247107-011-00001-AA~REF*CE*AETNA CHOICE  POS II NET 00449~DTM*232*20260601~DTM*233*20260602~DTM*050*20260609~PER*CX**TE*8886323862~AMT*AU*1500~SVC*HC:S9480*750*340*0905*1~DTM*472*20260601~CAS*CO*45*410~REF*6R*CX156458X67722.002~AMT*B6*340~SVC*HC:S9480*750*340*0905*1~DTM*472*20260602~CAS*CO*45*410~REF*6R*CX156458X67723.002~AMT*B6*340~LX*2~TS3*1912008137*55*20261231*1*21000~CLP*CX156022X1*1*21000*0**13*EFY2W53Z90000*11*3~NM1*QC*1*SMITH*ITALIA~NM1*IL*1*WOOLEN*BEATRICE****MI*W280587452~REF*G1*074550292~REF*1L*0865341-016-00611- A~REF*CE*AETNA CHOICE  POS II NET 00397~DTM*232*20260525~DTM*233*20260531~DTM*050*20260602~PER*CX**TE*8886323862~SVC*NU:0124*3000*0**0*NU:1001*1~DTM*472*20260525~CAS*CO*97*3000*1~REF*6R*CX156022X67715.003~LQ*HE*N19~SVC*NU:0124*3000*0**0*NU:1001*1~DTM*472*20260526~CAS*CO*97*3000*1~REF*6R*CX156022X67716.006~LQ*HE*N19~SVC*NU:0124*3000*0**0*NU:1001*1~DTM*472*20260527~CAS*CO*97*3000*1~REF*6R*CX156022X67717.003~LQ*HE*N19~SVC*NU:0124*3000*0**0*NU:1001*1~DTM*472*20260528~CAS*CO*97*3000*1~REF*6R*CX156022X67718.002~LQ*HE*N19~SVC*NU:0124*3000*0**0*NU:1001*1~DTM*472*20260529~CAS*CO*97*3000*1~REF*6R*CX156022X67719.001~LQ*HE*N19~SVC*NU:0124*3000*0**0*NU:1001*1~DTM*472*20260530~CAS*CO*97*3000*1~REF*6R*CX156022X67720.002~LQ*HE*N19~SVC*NU:0124*3000*0**0*NU:1001*1~DTM*472*20260531~CAS*CO*97*3000*1~REF*6R*CX156022X67721.003~LQ*HE*N19~SE*281*000000001~GE*1*119205997~IEA*1*119205997~