ISA*00*          *00*          *ZZ*CHC            *ZZ*00962249       *260720*0324*^*00501*573410512*0*P*:~GS*HP*CHC*00962249*20260720*03245400*573410512*X*005010X221A1~ST*835*000000001~BPR*I*7728*C*ACH*CCP*01*124384877*DA*1470858534*1411289245*000087726*01*121000248*DA*4122170038*20260722~TRN*1*26199B1000035947*1411289245*000087726~REF*EV*B00099999800~DTM*405*20260718~N1*PR*UNITED HEALTHCARE INSURANCE COMPANY~N3*PO BOX 30755~N4*SALT LAKE CITY*UT*841300755~REF*2U*87726~PER*CX*UNITED BEHAVIORAL HEALTH*TE*8003338724~PER*BL*UNKNOWN*UR*WWW.UNITEDHEALTHCAREONLINE.COM/B2C/CONTACTUS.DO~N1*PE*THE RENFREW CENTER OF FLORIDA LLC*XX*1912008137~N3*PO BOX 823700~N4*PHILADELPHIA*PA*19182~REF*TJ*200995125~LX*1~CLP*CX157212X2*1*21000*7728**15*26XF80184800*11*3~NM1*QC*1*BRODY*SUSAN****MI*R225801475~NM1*74*1***S***C*034522840~REF*G1*9NQK1D-01~REF*1L*AW023147~REF*CE*THE RENFREW CENTER OF FLORIDA LLC~REF*EA*IDX135763X5~DTM*232*20260622~DTM*233*20260628~DTM*050*20260701~AMT*AU*7728~SVC*NU:1001*3000*1104**1~DTM*472*20260622~CAS*CO*45*1896~REF*6R*CX157212X67743.003~REF*HPI*1912051558~AMT*B6*1104~SVC*NU:1001*3000*1104**1~DTM*472*20260623~CAS*CO*45*1896~REF*6R*CX157212X67744.001~REF*HPI*1912051558~AMT*B6*1104~SVC*NU:1001*3000*1104**1~DTM*472*20260624~CAS*CO*45*1896~REF*6R*CX157212X67745.002~REF*HPI*1912051558~AMT*B6*1104~SVC*NU:1001*3000*1104**1~DTM*472*20260625~CAS*CO*45*1896~REF*6R*CX157212X67746.002~REF*HPI*1912051558~AMT*B6*1104~SVC*NU:1001*3000*1104**1~DTM*472*20260626~CAS*CO*45*1896~REF*6R*CX157212X67747.001~REF*HPI*1912051558~AMT*B6*1104~SVC*NU:1001*3000*1104**1~DTM*472*20260627~CAS*CO*45*1896~REF*6R*CX157212X67748.001~REF*HPI*1912051558~AMT*B6*1104~SVC*NU:1001*3000*1104**1~DTM*472*20260628~CAS*CO*45*1896~REF*6R*CX157212X67749.001~REF*HPI*1912051558~AMT*B6*1104~SE*70*000000001~GE*1*573410512~IEA*1*573410512~