ISA*00*          *00*          *ZZ*CHC            *ZZ*00962249       *260626*1038*^*00501*580206068*0*P*:~GS*HP*CHC*00962249*20260626*10383400*580206068*X*005010X221A1~ST*835*000000001~BPR*I*32790*C*ACH*CCP*01*124384877*DA*1470858534*1411289245*000087726*01*121000248*DA*4122170038*20260630~TRN*1*26177B1000004688*1411289245*000087726~REF*EV*B00099999800~DTM*405*20260626~N1*PR*UNITED HEALTHCARE INSURANCE COMPANY~N3*PO BOX 30755~N4*SALT LAKE CITY*UT*841300755~REF*2U*87726~PER*CX*UNITED BEHAVIORAL HEALTH*TE*8003338724~PER*BL*UNKNOWN*UR*WWW.UNITEDHEALTHCAREONLINE.COM/B2C/CONTACTUS.DO~N1*PE*THE RENFREW CENTER OF FLORIDA LLC*XX*1912008137~N3*PO BOX 823700~N4*PHILADELPHIA*PA*19182~REF*TJ*200995125~LX*1~CLP*134490*1*90000*32790**15*26XF44134300*11*2~NM1*QC*1*CHAKAR*SOFIIA****MI*C7687998703~NM1*IL*1*CHAKAR*DRISS****MI*C76879987~REF*1L*OH010812~DTM*232*20251002~DTM*233*20251031~DTM*050*20260611~AMT*AU*32790~SVC*NU:1001*90000*32790**30~DTM*150*20251002~DTM*151*20251031~CAS*CO*24*57210~REF*6R*1~REF*HPI*1912051558~AMT*B6*32790~SE*32*000000001~GE*1*580206068~IEA*1*580206068~