ISA*00*          *00*          *ZZ*CHC            *ZZ*00962249       *260710*1051*^*00501*727405810*0*P*:~GS*HP*CHC*00962249*20260710*10510700*727405810*X*005010X221A1~ST*835*000000001~BPR*I*8147.77*C*ACH*CCP*01*042100272*DA*7480795058*1591031071**01*121000248*DA*4122170038*20260710~TRN*1*602300929205*1591031071~REF*EV*133052274~REF*F2*GWFC~DTM*405*20260708~N1*PR*GREATWESTHEALTHCARE-CIGNA~N3*8505 E. ORCHARD RD~N4*GREENWOOD VILLAGE*CO*80111~REF*2U*62308~PER*CX*GWHC EDIPROD*EM*EDIESCALATEDREQUESTS@CIGNA.COM*TE*8008103388~PER*BL*EDI HELP DESK*TE*8008103388~N1*PE*RENFREW CENTER OF FLORIDA LLC*XX*1912008137~N3*PO BOX 713700~N4*PHILADELPHIA*PA*191713700~REF*TJ*200995125~LX*1~TS3*1912008137*22*20261231*2*20250~CLP*CX157474X3*1*18000*7178.77*3.23*13*262480333400*11*4~NM1*QC*1*MATICH*LISA****MI*10700797302~NM1*IL*1*MATICH*JONATHAN*D***MI*10700797300~REF*1L*00634295~REF*CE*OPEN ACCESS PLUS~REF*EA*IDX136400X3~REF*G1*IP2778533662~DTM*050*20260707~DTM*232*20260629~DTM*233*20260704~AMT*AU*7182~QTY*CA*6~SVC*NU:1001*3000*1193.77**1~DTM*150*20260629~DTM*151*20260629~CAS*CO*45*1803~CAS*PR*2*3.23~REF*APC*0~REF*6R*CX157474X67750.003~AMT*B6*1197~SVC*NU:1001*3000*1197**1~DTM*150*20260630~DTM*151*20260630~CAS*CO*45*1803~REF*APC*0~REF*6R*CX157474X67751.002~AMT*B6*1197~SVC*NU:1001*3000*1197**1~DTM*150*20260701~DTM*151*20260701~CAS*CO*45*1803~REF*APC*0~REF*6R*CX157474X67752.001~AMT*B6*1197~SVC*NU:1001*3000*1197**1~DTM*150*20260702~DTM*151*20260702~CAS*CO*45*1803~REF*APC*0~REF*6R*CX157474X67753.001~AMT*B6*1197~SVC*NU:1001*3000*1197**1~DTM*150*20260703~DTM*151*20260703~CAS*CO*45*1803~REF*APC*0~REF*6R*CX157474X67754.001~AMT*B6*1197~SVC*NU:1001*3000*1197**1~DTM*150*20260704~DTM*151*20260704~CAS*CO*45*1803~REF*APC*0~REF*6R*CX157474X67755.001~AMT*B6*1197~CLP*CX157488X1*1*2250*969**13*262480372700*13*3~NM1*QC*1*MANZ*ROBIN****MI*11245485300~REF*1L*00660378~REF*CE*OPEN ACCESS PLUS~REF*EA*IDX135734X4~REF*G1*NO AUTHORIZATION REQUIRED~DTM*050*20260707~DTM*232*20260629~DTM*233*20260702~AMT*AU*969~SVC*HC:S9480*750*323*0905*1~DTM*150*20260629~DTM*151*20260629~CAS*CO*45*427~REF*APC*0~REF*6R*CX157488X67750.005~AMT*B6*323~SVC*HC:S9480*750*323*0905*1~DTM*150*20260630~DTM*151*20260630~CAS*CO*45*427~REF*APC*0~REF*6R*CX157488X67751.001~AMT*B6*323~SVC*HC:S9480*750*323*0905*1~DTM*150*20260702~DTM*151*20260702~CAS*CO*45*427~REF*APC*0~REF*6R*CX157488X67753.002~AMT*B6*323~SE*105*000000001~GE*1*727405810~IEA*1*727405810~