ISA*00*          *00*          *ZZ*CHC            *ZZ*00962249       *260604*0625*^*00501*602608230*0*P*:~GS*HP*CHC*00962249*20260604*06255500*602608230*X*005010X221A1~ST*835*000000001~BPR*I*3316*C*ACH*CCP*01*011900445*DA*0000009046*1066033492**01*121000248*DA*4122170038*20260609~TRN*1*826155000224042*1066033492~REF*EV*133052274~DTM*405*20260604~N1*PR*AETNA~N3*151 FARMINGTON AVENUE~N4*HARTFORD*CT*06156~REF*2U*60054~PER*BL*PROVIDER SERVICE~N1*PE*THE RENFREW CENTER OF NEW YORK, LLC*XX*1568561298~N3*PO BOX 713700~N4*PHILADELPHIA*PA*191713700~REF*PQ*466797690~REF*TJ*522227870~LX*1~TS3*1568561298*22*20261231*3*10500~CLP*CX156071X1*1*3000*1396**13*E7ADT5XT10000*13*1~NM1*QC*1*SCRUGGS*AVA~NM1*IL*1*MITCHELL*ROBBIN****MI*W22837888102~NM1*74*1******C*W228378881~NM1*82*2*THE RENFREW CENTER OF NEW YORK*****XX*1568561298~REF*1L*0657263-010-00197-CA~REF*CE*AETNA CHOICE  POS II NET 00357~DTM*232*20260526~DTM*233*20260529~DTM*050*20260602~PER*CX**TE*8886323862~AMT*AU*3000~SVC*HC:S9480*750*349*0905*1~DTM*472*20260526~CAS*CO*45*401~REF*6R*CX156071X67716.002~AMT*B6*349~SVC*HC:S9480*750*349*0905*1~DTM*472*20260527~CAS*CO*45*401~REF*6R*CX156071X67717.001~AMT*B6*349~SVC*HC:S9480*750*349*0905*1~DTM*472*20260528~CAS*CO*45*401~REF*6R*CX156071X67718.002~AMT*B6*349~SVC*HC:S9480*750*349*0905*1~DTM*472*20260529~CAS*CO*45*401~REF*6R*CX156071X67719.001~AMT*B6*349~CLP*CX156067X2*1*3000*0**13*E8PDT5S6F0000*13*3~NM1*QC*1*RIVERA*JESSICA****MI*W271374843~NM1*82*2*THE RENFREW CENTER OF NEW YORK*****XX*1568561298~REF*1L*0285593-014-00010-HA~REF*CE*AETNA CHOICE  POS II NET 00357~DTM*232*20260526~DTM*233*20260528~DTM*050*20260602~PER*CX**TE*8886323862~SVC*HC:H0035*1500*0*0912*0**1~DTM*472*20260526~CAS*CO*197*1500*1~REF*6R*CX156067X67716.001~SVC*HC:H0035*1500*0*0912*0**1~DTM*472*20260528~CAS*CO*197*1500*1~REF*6R*CX156067X67718.002~CLP*CX156066X1*1*4500*1920**13*E8Y2T6R9Y0000*13*3~NM1*QC*1*ABEYWARDENA*MELANIE~NM1*IL*1*ABEYWARDENA*JENNIFER****MI*W27238689902~NM1*74*1******C*W272386899~NM1*82*2*THE RENFREW CENTER OF NEW YORK*****XX*1568561298~REF*G1*074689378~REF*1L*0144206-010-00005- A~REF*CE*AETNA CHOICE  POS II NET 00357~DTM*232*20260527~DTM*233*20260529~DTM*050*20260602~PER*CX**TE*8886323862~AMT*AU*4500~SVC*HC:H0035*1500*640*0912*1~DTM*472*20260527~CAS*CO*45*860~REF*6R*CX156066X67717.002~AMT*B6*640~SVC*HC:H0035*1500*640*0912*1~DTM*472*20260528~CAS*CO*45*860~REF*6R*CX156066X67718.002~AMT*B6*640~SVC*HC:H0035*1500*640*0912*1~DTM*472*20260529~CAS*CO*45*860~REF*6R*CX156066X67719.002~AMT*B6*640~SE*95*000000001~ST*835*000000002~BPR*I*7040*C*ACH*CCP*01*031100209*DA*0000009108*1066033492**01*121000248*DA*4122170038*20260609~TRN*1*826155000224047*1066033492~REF*EV*133052274~DTM*405*20260604~N1*PR*AETNA~N3*151 FARMINGTON AVENUE~N4*HARTFORD*CT*06156~REF*2U*60054~PER*BL*PROVIDER SERVICE~N1*PE*THE RENFREW CENTER OF NEW YORK, LLC*XX*1568561298~N3*PO BOX 713700~N4*PHILADELPHIA*PA*191713700~REF*PQ*466797690~REF*TJ*522227870~LX*1~TS3*1568561298*22*20261231*3*16500~CLP*CX156070X5*1*6000*2560**13*E7JNT9HSL0000*13*3~NM1*QC*1*KAPLAN*SARAH****MI*W265892325~NM1*82*2*THE RENFREW CENTER OF NEW YORK*****XX*1568561298~REF*G1*074612000~REF*1L*0232494-017-00585-NA~REF*CE*AETNA OPEN ACCESS  MANAGED CHOICE NET 00357~DTM*232*20260526~DTM*233*20260529~DTM*050*20260602~PER*CX**TE*8886323862~AMT*AU*6000~SVC*HC:H0035*1500*640*0912*1~DTM*472*20260526~CAS*CO*45*860~REF*6R*CX156070X67716.003~AMT*B6*640~SVC*HC:H0035*1500*640*0912*1~DTM*472*20260527~CAS*CO*45*860~REF*6R*CX156070X67717.002~AMT*B6*640~SVC*HC:H0035*1500*640*0912*1~DTM*472*20260528~CAS*CO*45*860~REF*6R*CX156070X67718.002~AMT*B6*640~SVC*HC:H0035*1500*640*0912*1~DTM*472*20260529~CAS*CO*45*860~REF*6R*CX156070X67719.002~AMT*B6*640~CLP*CX156069X4*1*6000*2560**12*E7TYT9N620000*13*3~NM1*QC*1*SMITH*AKIA****MI*W283325345~NM1*82*2*THE RENFREW CENTER OF NEW YORK*****XX*1568561298~REF*G1*074697362~REF*1L*0237712-013-00001-CA~REF*CE*AETNA OPEN ACCESS  ELECT CHOICE NET 12104~DTM*232*20260526~DTM*233*20260529~DTM*050*20260602~PER*CX**TE*8886323862~AMT*AU*6000~SVC*HC:H0035*1500*640*0912*1~DTM*472*20260526~CAS*CO*45*860~REF*6R*CX156069X67716.002~AMT*B6*640~SVC*HC:H0035*1500*640*0912*1~DTM*472*20260527~CAS*CO*45*860~REF*6R*CX156069X67717.001~AMT*B6*640~SVC*HC:H0035*1500*640*0912*1~DTM*472*20260528~CAS*CO*45*860~REF*6R*CX156069X67718.002~AMT*B6*640~SVC*HC:H0035*1500*640*0912*1~DTM*472*20260529~CAS*CO*45*860~REF*6R*CX156069X67719.002~AMT*B6*640~CLP*CX156068X3*1*4500*1920**13*E8FDT9Q2M0000*13*3~NM1*QC*1*FREESMAN*GABRIELLE****MI*W287410953~NM1*82*2*THE RENFREW CENTER OF NEW YORK*****XX*1568561298~REF*G1*074523478~REF*1L*0181808-014-00023-IA~REF*CE*AETNA OPEN ACCESS  MANAGED CHOICE NET 00357~DTM*232*20260526~DTM*233*20260528~DTM*050*20260602~PER*CX**TE*8886323862~AMT*AU*4500~SVC*HC:H0035*1500*640*0912*1~DTM*472*20260526~CAS*CO*45*860~REF*6R*CX156068X67716.002~AMT*B6*640~SVC*HC:H0035*1500*640*0912*1~DTM*472*20260527~CAS*CO*45*860~REF*6R*CX156068X67717.002~AMT*B6*640~SVC*HC:H0035*1500*640*0912*1~DTM*472*20260528~CAS*CO*45*860~REF*6R*CX156068X67718.002~AMT*B6*640~SE*106*000000002~GE*2*602608230~IEA*1*602608230~