ISA*00*          *00*          *ZZ*CHC            *ZZ*00962249       *260707*0648*^*00501*456808895*0*P*:~GS*HP*CHC*00962249*20260707*06482100*456808895*X*005010X221A1~ST*835*000000001~BPR*I*11873*C*CHK************20260622~TRN*1*406761503*1341858379~DTM*405*20260622~N1*PR*AMERIHEALTH INC~N3*1901 MARKET STREET~N4*PHILADELPHIA*PA*19103~REF*2U*SX055~PER*CX*EDI SUPPORT TEAM*FX*4408355656*TE*4408353511~PER*BL*EDI SUPPORT TEAM~N1*PE*THE RENFREW CENTER OF NEW JERSEY LLC*XX*1164514691~N3*PO BOX 713700~N4*PHILADELPHIA*PA*19171~REF*TJ*223704728~LX*1~CLP*CX156074X2*1*7500*3470*125*HM*20260603516941*13*3~NM1*QC*1*MALONEY*LEAH****MI*QB16026771205~NM1*IL*1*MALONEY*STEVEN****MI*QB16026771205~REF*CE*3516086~DTM*232*20260522~DTM*233*20260529~DTM*050*20260619~PER*CX**TE*4408353511~AMT*AU*3595~SVC*HC:H0035*1500*694*0912*1**0~DTM*472*20260522~CAS*CO*45*781*1~CAS*PR*3*25*1~REF*6R*CX156074X67712.002~AMT*B6*719~SVC*HC:H0035*1500*694*0912*1**0~DTM*472*20260526~CAS*CO*45*781*1~CAS*PR*3*25*1~REF*6R*CX156074X67716.002~AMT*B6*719~SVC*HC:H0035*1500*694*0912*1**0~DTM*472*20260527~CAS*CO*45*781*1~CAS*PR*3*25*1~REF*6R*CX156074X67717.003~AMT*B6*719~SVC*HC:H0035*1500*694*0912*1**0~DTM*472*20260528~CAS*CO*45*781*1~CAS*PR*3*25*1~REF*6R*CX156074X67718.003~AMT*B6*719~SVC*HC:H0035*1500*694*0912*1**0~DTM*472*20260529~CAS*CO*45*781*1~CAS*PR*3*25*1~REF*6R*CX156074X67719.004~AMT*B6*719~CLP*CX156073X1*1*4500*2157**HM*20260603517019*13*3~NM1*QC*1*MCGROARTY*SABRINA****MI*QB16026541905~NM1*IL*1*MCGROARTY*JOSEPH****MI*QB16026541905~REF*CE*3516086~DTM*232*20260522~DTM*233*20260527~DTM*050*20260619~PER*CX**TE*4408353511~AMT*AU*2157~SVC*HC:H0035*1500*719*0912*1**0~DTM*472*20260522~CAS*CO*45*781*1~REF*6R*CX156073X67712.004~AMT*B6*719~SVC*HC:H0035*1500*719*0912*1**0~DTM*472*20260526~CAS*CO*45*781*1~REF*6R*CX156073X67716.002~AMT*B6*719~SVC*HC:H0035*1500*719*0912*1**0~DTM*472*20260527~CAS*CO*45*781*1~REF*6R*CX156073X67717.003~AMT*B6*719~CLP*CX155375X2*1*4500*2082*75*HM*20260604505292*13*7~NM1*QC*1*MALONEY*LEAH****MI*QB16026771205~NM1*IL*1*MALONEY*STEVEN****MI*QB16026771205~REF*CE*3516086~DTM*232*20260506~DTM*233*20260508~DTM*050*20260619~PER*CX**TE*4408353511~AMT*AU*2157~SVC*HC:H0035*1500*694*0912*1**0~DTM*472*20260506~CAS*CO*45*781*1~CAS*PR*3*25*1~REF*6R*CX155375X67696.001~AMT*B6*719~SVC*HC:H0035*1500*694*0912*1**0~DTM*472*20260507~CAS*CO*45*781*1~CAS*PR*3*25*1~REF*6R*CX155375X67697.005~AMT*B6*719~SVC*HC:H0035*1500*694*0912*1**0~DTM*472*20260508~CAS*CO*45*781*1~CAS*PR*3*25*1~REF*6R*CX155375X67698.005~AMT*B6*719~CLP*CX155625X2*1*4500*2082*75*HM*20260604505316*13*7~NM1*QC*1*MALONEY*LEAH****MI*QB16026771205~NM1*IL*1*MALONEY*STEVEN****MI*QB16026771205~REF*CE*3516086~DTM*232*20260511~DTM*233*20260514~DTM*050*20260619~PER*CX**TE*4408353511~AMT*AU*2157~SVC*HC:H0035*1500*694*0912*1**0~DTM*472*20260511~CAS*CO*45*781*1~CAS*PR*3*25*1~REF*6R*CX155625X67701.002~AMT*B6*719~SVC*HC:H0035*1500*694*0912*1**0~DTM*472*20260512~CAS*CO*45*781*1~CAS*PR*3*25*1~REF*6R*CX155625X67702.003~AMT*B6*719~SVC*HC:H0035*1500*694*0912*1**0~DTM*472*20260514~CAS*CO*45*781*1~CAS*PR*3*25*1~REF*6R*CX155625X67704.004~AMT*B6*719~CLP*CX155843X2*1*4500*2082*75*HM*20260604505330*13*7~NM1*QC*1*MALONEY*LEAH****MI*QB16026771205~NM1*IL*1*MALONEY*STEVEN****MI*QB16026771205~REF*CE*3516086~DTM*232*20260518~DTM*233*20260520~DTM*050*20260619~PER*CX**TE*4408353511~AMT*AU*2157~SVC*HC:H0035*1500*694*0912*1**0~DTM*472*20260518~CAS*CO*45*781*1~CAS*PR*3*25*1~REF*6R*CX155843X67708.001~AMT*B6*719~SVC*HC:H0035*1500*694*0912*1**0~DTM*472*20260519~CAS*CO*45*781*1~CAS*PR*3*25*1~REF*6R*CX155843X67709.003~AMT*B6*719~SVC*HC:H0035*1500*694*0912*1**0~DTM*472*20260520~CAS*CO*45*781*1~CAS*PR*3*25*1~REF*6R*CX155843X67710.001~AMT*B6*719~SE*160*000000001~ST*835*000000002~BPR*I*4214*C*CHK************20260629~TRN*1*407466588*1341858379~DTM*405*20260629~N1*PR*AMERIHEALTH INC~N3*1901 MARKET STREET~N4*PHILADELPHIA*PA*19103~REF*2U*SX055~PER*CX*EDI SUPPORT TEAM*FX*4408355656*TE*4408353511~PER*BL*EDI SUPPORT TEAM~N1*PE*THE RENFREW CENTER OF NEW JERSEY LLC*XX*1164514691~N3*PO BOX 713700~N4*PHILADELPHIA*PA*19171~REF*TJ*223704728~LX*1~CLP*CX156504X2*1*6000*2776*100*HM*20260610577543*13*3~NM1*QC*1*MALONEY*LEAH****MI*QB16026771205~NM1*IL*1*MALONEY*STEVEN****MI*QB16026771205~REF*CE*3540471~DTM*232*20260602~DTM*233*20260605~DTM*050*20260626~PER*CX**TE*4408353511~AMT*AU*2876~SVC*HC:H0035*1500*694*0912*1**0~DTM*472*20260602~CAS*CO*45*781*1~CAS*PR*3*25*1~REF*6R*CX156504X67723.001~AMT*B6*719~SVC*HC:H0035*1500*694*0912*1**0~DTM*472*20260603~CAS*CO*45*781*1~CAS*PR*3*25*1~REF*6R*CX156504X67724.003~AMT*B6*719~SVC*HC:H0035*1500*694*0912*1**0~DTM*472*20260604~CAS*CO*45*781*1~CAS*PR*3*25*1~REF*6R*CX156504X67725.004~AMT*B6*719~SVC*HC:H0035*1500*694*0912*1**0~DTM*472*20260605~CAS*CO*45*781*1~CAS*PR*3*25*1~REF*6R*CX156504X67726.002~AMT*B6*719~CLP*CX156503X1*1*3000*1438**HM*20260610577583*13*4~NM1*QC*1*MCGROARTY*SABRINA****MI*QB16026541905~NM1*IL*1*MCGROARTY*JOSEPH****MI*QB16026541905~REF*CE*3540471~DTM*232*20260601~DTM*233*20260602~DTM*050*20260626~PER*CX**TE*4408353511~AMT*AU*1438~SVC*HC:H0035*1500*719*0912*1**0~DTM*472*20260601~CAS*CO*45*781*1~REF*6R*CX156503X67722.004~AMT*B6*719~SVC*HC:H0035*1500*719*0912*1**0~DTM*472*20260602~CAS*CO*45*781*1~REF*6R*CX156503X67723.001~AMT*B6*719~SE*68*000000002~GE*2*456808895~IEA*1*456808895~