ISA*00*          *00*          *ZZ*CHC            *ZZ*00962249       *260613*0814*^*00501*391008060*0*P*:~GS*HP*CHC*00962249*20260613*08145900*391008060*X*005010X221A1~ST*835*000000001~BPR*I*3813*C*ACH*CCP*01*004401195*DA*0000070420*1411648670**01*121000248*DA*4122170038*20260615~TRN*1*260611090049072*1411648670~REF*EV*133052274~REF*F2*PM~DTM*405*20260612~N1*PR*EVERNORTH BEHAVIORAL HEALTH, INC.~N3*P.O. BOX 182223~N4*CHATTANOOGA*TN*374227223~REF*2U*62308~PER*BL*EDI HELP DESK*TE*8008103388~N1*PE*RENFREW CTR OF PA*XX*1417971904~N3*PO BOX 713700~N4*PHILADELPHIA*PA*191713700~REF*TJ*200994813~LX*1~TS3*1417971904*13*20261231*2*8250~CLP*CX156432X1*1*6000*2760**13*4682616196921*13*3~NM1*QC*1*RUARK*EVA****MI*U8142306703~NM1*IL*1*RUARK*BRIAN****MI*U8142306701~REF*1L*3334085~REF*CE*OPEN ACCESS PLUS~REF*EA*IDX135468X7~DTM*050*20260610~DTM*232*20260601~DTM*233*20260605~PER*CX*MEMBER SERVICES*TE*8002446224~AMT*AU*2760~SVC*HC:H0035*1500*690*0912*1~DTM*150*20260601~DTM*151*20260601~CAS*CO*45*810~REF*6R*CX156432X67722.003~AMT*B6*690~SVC*HC:H0035*1500*690*0912*1~DTM*150*20260602~DTM*151*20260602~CAS*CO*45*810~REF*6R*CX156432X67723.001~AMT*B6*690~SVC*HC:H0035*1500*690*0912*1~DTM*150*20260604~DTM*151*20260604~CAS*CO*45*810~REF*6R*CX156432X67725.001~AMT*B6*690~SVC*HC:H0035*1500*690*0912*1~DTM*150*20260605~DTM*151*20260605~CAS*CO*45*810~REF*6R*CX156432X67726.001~AMT*B6*690~CLP*CX156433X1*1*2250*1053**13*9682616197025*13*3~NM1*QC*1*MITCHELL*MARGARET****MI*U0201974302~NM1*IL*1*MITCHELL*JOSHUA****MI*U0201974301~REF*1L*3346483~REF*CE*OPEN ACCESS PLUS~REF*EA*IDX135379X3~REF*G1*NO AUTH REQUIRED~DTM*050*20260610~DTM*232*20260601~DTM*233*20260605~PER*CX*MEMBER SERVICES*TE*8002446224~AMT*AU*1053~SVC*HC:S9480*750*351*0905*1~DTM*150*20260601~DTM*151*20260601~CAS*CO*45*399~REF*6R*CX156433X67722.002~AMT*B6*351~SVC*HC:S9480*750*351*0905*1~DTM*150*20260603~DTM*151*20260603~CAS*CO*45*399~REF*6R*CX156433X67724.001~AMT*B6*351~SVC*HC:S9480*750*351*0905*1~DTM*150*20260605~DTM*151*20260605~CAS*CO*45*399~REF*6R*CX156433X67726.001~AMT*B6*351~SE*83*000000001~GE*1*391008060~IEA*1*391008060~