ISA*00*          *00*          *ZZ*CHC            *ZZ*00962249       *260605*0854*^*00501*689007104*0*P*:~GS*HP*CHC*00962249*20260605*08540600*689007104*X*005010X221A1~ST*835*000000001~BPR*I*564*C*CHK******9999999999*999999999*****20260605~TRN*1*4858945*1942649097*000087726~REF*EV*B00099999800~DTM*405*20260605~N1*PR*UNITED HEALTHCARE INSURANCE COMPANY~N3*P.O. BOX 30755~N4*SALT LAKE CITY*UT*84130~REF*2U*87726~REF*EO*1805600001~PER*BL*UNKNOWN*UR*WWW.UNITEDHEALTHCAREONLINE.COM/B2C/CONTACTUS.DO~N1*PE*RENFREW CENTER OF MASSACHUSETTS LLC*XX*1346674215~N3*PO BOX 713700~N4*PHILADELPHIA*PA*191713700~REF*TJ*463400788~LX*1~CLP*CX156168X1*1*1500*564**15*26XE91096400*13*3~NM1*QC*1*KAAFARANI*YARA****MI*02688755102~NM1*IL*1*FARHAT*MAHA****MI*R225644772~NM1*74*1***R***C*026887551~REF*G1*NO AUTH REQUIRED~REF*1L*AW025301~REF*CE*RENFREW CENTER OF MASSACHUSETTS LLC~REF*EA*IDX132624X8~DTM*232*20260527~DTM*233*20260528~DTM*050*20260603~AMT*AU*564~SVC*HC:S9480*750*282*0905*1~DTM*472*20260527~CAS*CO*45*468~REF*6R*CX156168X67717.002~REF*HPI*1457919383~AMT*B6*282~SVC*HC:S9480*750*282*0905*1~DTM*472*20260528~CAS*CO*45*468~REF*6R*CX156168X67718.002~REF*HPI*1457919383~AMT*B6*282~SE*41*000000001~GE*1*689007104~IEA*1*689007104~