ISA*00*          *00*          *ZZ*CHC            *ZZ*00962249       *260708*1447*^*00501*605605926*0*P*:~GS*HP*CHC*00962249*20260708*14474500*605605926*X*005010X221A1~ST*835*000000001~BPR*I*816*C*ACH*CCP*01*124384877*DA*720000537*1391995276*0000UMR01*01*121000248*DA*4122170038*20260710~TRN*1*CE21302088814816183957686*1391995276*0000UMR01~REF*EV*841162789~DTM*405*20260702~N1*PR*UMR~N3*PO BOX 30541~N4*SALT LAKE CITY*UT*841300541~REF*2U*39026~PER*CX*UMR EDI TEAM*TE*8005575087~PER*BL*UMR EDI TEAM*EM*UMR-EDI-IT-TEAM DL@DS.UHC.COM~N1*PE*THE RENFREW CENTER OF TENNESSEE LLC*XX*1083812762~N3*PO BOX 823700~N4*PHILADELPHIA*PA*19182~REF*TJ*205497459~LX*1~CLP*CX157102X1*1*2250*816**12*26176427140*13*4~NM1*QC*1*VENEMA*AUDREY~NM1*IL*1*VENEMA*NATHAN****MI*13497071~NM1*82*1*SPISAK*RACHAEL****XX*1063897130~REF*1L*76430093~AMT*AU*2250~SVC*HC:S9480*750*272*0905~DTM*150*20260615~DTM*151*20260618~CAS*CO*45*478~REF*6R*CX157102X67736.002~AMT*B6*272~SVC*HC:S9480*750*272*0905~DTM*150*20260616~DTM*151*20260618~CAS*CO*45*478~REF*6R*CX157102X67737.002~AMT*B6*272~SVC*HC:S9480*750*272*0905~DTM*472*20260618~CAS*CO*45*478~REF*6R*CX157102X67739.001~AMT*B6*272~SE*40*000000001~GE*1*605605926~IEA*1*605605926~