ISA*00*          *00*          *ZZ*CHC            *ZZ*00962249       *260715*0617*^*00501*132406615*0*P*:~GS*HP*CHC*00962249*20260715*06172000*132406615*X*005010X221A1~ST*835*000000001~BPR*I*13533.8*C*ACH*CCP*01*011900445*DA*0000009046*1066033492**01*121000248*DA*4122170038*20260720~TRN*1*826196000407397*1066033492~REF*EV*133052274~DTM*405*20260715~N1*PR*AETNA~N3*151 FARMINGTON AVENUE~N4*HARTFORD*CT*06156~REF*2U*60054~PER*BL*PROVIDER SERVICE~N1*PE*THE RENFREW CENTER OF FLORIDA, LLC*XX*1912008137~N3*PO BOX 713700~N4*PHILADELPHIA*PA*191713700~REF*PQ*417044550~REF*TJ*200995125~LX*1~TS3*1912008137*22*20261231*2*12000~CLP*CX157482X2*1*6000*2492**12*EYY2VSJ6D0000*13*3~NM1*QC*1*LADD*ANGELINA~NM1*IL*1*LADD*LEA****MI*W223488799~NM1*82*2*THE RENFREW CENTER OF ORLANDO, LLC*****XX*1912008137~REF*1L*0326404-040-00100-AD~REF*CE*OPEN ACCESS AETNA SELECT  8480 NET 08091~DTM*232*20260629~DTM*233*20260702~DTM*050*20260706~PER*CX**TE*8886323862~AMT*AU*6000~SVC*HC:H0035*1500*623*0912*1~DTM*472*20260629~CAS*CO*45*877~REF*6R*CX157482X67750.003~AMT*B6*623~SVC*HC:H0035*1500*623*0912*1~DTM*472*20260630~CAS*CO*45*877~REF*6R*CX157482X67751.001~AMT*B6*623~SVC*HC:H0035*1500*623*0912*1~DTM*472*20260701~CAS*CO*45*877~REF*6R*CX157482X67752.003~AMT*B6*623~SVC*HC:H0035*1500*623*0912*1~DTM*472*20260702~CAS*CO*45*877~REF*6R*CX157482X67753.003~AMT*B6*623~CLP*CX157481X1*1*6000*2242.8*249.2*12*EZ37VSJ4M0000*13*3~NM1*QC*1*KRUEGER*EMMA~NM1*IL*1*KRUEGER*LOLANDA****MI*W197787373~NM1*82*2*THE RENFREW CENTER OF ORLANDO, LLC*****XX*1912008137~REF*1L*0237541-012-00056-DC~REF*CE*OPEN ACCESS AETNA SELECT  8480 NET 13713~DTM*232*20260629~DTM*233*20260702~DTM*050*20260706~PER*CX**TE*8886323862~AMT*AU*6000~SVC*HC:H0035*1500*560.7*0912*1~DTM*472*20260629~CAS*CO*45*877~CAS*PR*2*62.3~REF*6R*CX157481X67750.003~AMT*B6*623~SVC*HC:H0035*1500*560.7*0912*1~DTM*472*20260630~CAS*CO*45*877~CAS*PR*2*62.3~REF*6R*CX157481X67751.001~AMT*B6*623~SVC*HC:H0035*1500*560.7*0912*1~DTM*472*20260701~CAS*CO*45*877~CAS*PR*2*62.3~REF*6R*CX157481X67752.002~AMT*B6*623~SVC*HC:H0035*1500*560.7*0912*1~DTM*472*20260702~CAS*CO*45*877~CAS*PR*2*62.3~REF*6R*CX157481X67753.003~AMT*B6*623~LX*2~TS3*1912008137*55*20261231*1*21000~CLP*CX157471X1*1*21000*8799**12*EZTYVSJ4W0000*11*3~NM1*QC*1*BELISLE*AUDREY~NM1*IL*1*BELISLE*JOSEPH****MI*W266369357~REF*G1*074911016~REF*1L*0247061-011-00103- B~REF*CE*OPEN ACCESS AETNA SELECT  8480 NET 02285~DTM*232*20260629~DTM*233*20260705~DTM*050*20260706~PER*CX**TE*8886323862~AMT*AU*21000~SVC*NU:0124*3000*1257**1*NU:1001~DTM*472*20260629~CAS*CO*45*1743~REF*6R*CX157471X67750.003~AMT*B6*1257~SVC*NU:0124*3000*1257**1*NU:1001~DTM*472*20260630~CAS*CO*45*1743~REF*6R*CX157471X67751.002~AMT*B6*1257~SVC*NU:0124*3000*1257**1*NU:1001~DTM*472*20260701~CAS*CO*45*1743~REF*6R*CX157471X67752.001~AMT*B6*1257~SVC*NU:0124*3000*1257**1*NU:1001~DTM*472*20260702~CAS*CO*45*1743~REF*6R*CX157471X67753.002~AMT*B6*1257~SVC*NU:0124*3000*1257**1*NU:1001~DTM*472*20260703~CAS*CO*45*1743~REF*6R*CX157471X67754.001~AMT*B6*1257~SVC*NU:0124*3000*1257**1*NU:1001~DTM*472*20260704~CAS*CO*45*1743~REF*6R*CX157471X67755.002~AMT*B6*1257~SVC*NU:0124*3000*1257**1*NU:1001~DTM*472*20260705~CAS*CO*45*1743~REF*6R*CX157471X67756.002~AMT*B6*1257~SE*132*000000001~GE*1*132406615~IEA*1*132406615~