ISA*00*          *00*          *ZZ*CHC            *ZZ*00962249       *260601*1749*^*00501*380606582*0*P*:~GS*HP*CHC*00962249*20260601*17491600*380606582*X*005010X221A1~ST*835*000000001~BPR*I*994*C*ACH*CCP*01*124384877*DA*720000537*1391995276*0000UMR01*01*121000248*DA*4122170038*20260603~TRN*1*UH88200057632881245593441*1391995276*0000UMR01~REF*EV*841162789~DTM*405*20260522~N1*PR*UHC SUREST~N3*UNITEDHEALTHCARE SHARED SERVICES*PO BOX 30783~N4*SALT LAKE CITY*UT*841300783~REF*2U*39026~PER*CX*CUSTOMER CARE UNIT*TE*8778423210~PER*BL*UMR EDI TEAM*EM*UMR-EDI-IT-TEAM DL@DS.UHC.COM~N1*PE*THE RENFREW CENTER OF NORTH CAROLINA LLC*XX*1841497518~N3*PO BOX 823700*PO BOX 30783~N4*PHILADELPHIA*PA*19182~REF*TJ*205508748~LX*1~CLP*CX155448X1*1*3000*994*100*12*26135237689*13*2~NM1*QC*1*ATKINSON*KYLA~NM1*IL*1*ATKINSON*AARON****MI*771898129762~NM1*82*1*AYALEW*RAHEL****XX*1851924443~REF*1L*78800000~AMT*AU*3000~SVC*HC:H0035*1500*497*0912~DTM*472*20260507~CAS*CO*45*953~CAS*PR*3*50~REF*6R*CX155448X67697.001~AMT*B6*547~SVC*HC:H0035*1500*497*0912~DTM*472*20260508~CAS*CO*45*953~CAS*PR*3*50~REF*6R*CX155448X67698.005~AMT*B6*547~SE*35*000000001~GE*1*380606582~IEA*1*380606582~