ISA*00*          *00*          *ZZ*CHC            *ZZ*00962249       *260609*0834*^*00501*944804138*0*P*:~GS*HP*CHC*00962249*20260609*08344900*944804138*X*005010X221A1~ST*835*000000001~BPR*I*7480.29*C*ACH*CCP*01*043000096*DA*1028986734*1061118515*000006111*01*121000248*DA*4122170038*20260611~TRN*1*54953813*1061118515*000006111~REF*EV*BFT220003440~REF*F2*1284~DTM*405*20260608~N1*PR*OXFORD HEALTH INSURANCE INC~N3*4 RESEARCH DRIVE~N4*SHELTON*CT*064846282~REF*2U*06111~PER*CX*CUSTOMER SERVICE*TE*8006661353~PER*BL*UNKNOWN*TE*8662740906~N1*PE*THE RENFREW CENTER OF PENNSYLVANIA LLC*XX*1417971904~N3*PO BOX 823700~N4*PHILADELPHIA*PA*19182~REF*TJ*200994813~LX*1~TS3*A2033852*01*20261231*1*21000~CLP*CX155260X2*1*21000*7480.29*170.71*HM*FT97243311*01*3~NM1*QC*1*SIMMONS*TEIGHAN~NM1*IL*1*SIMMONS*SANFORD****MI*40103455105~NM1*74*1**TEIGHAN~NM1*82*2*RENFREW CENTERS*****XX*1417971904~REF*CE*OPTUM HEALTH BEHAVIORAL SERVICES  OHBS~DTM*232*20260504~DTM*233*20260510~AMT*AU*7651~SVC*NU:1001*3000*7480.29**0~DTM*472*20260504~CAS*PR*2*170.71~CAS*CO*45*-4651~REF*6R*CX155260X67694.003~AMT*B6*7651~SVC*NU:1001*3000*0**0~DTM*472*20260505~CAS*CO*45*3000~REF*6R*CX155260X67695.003~LQ*HE*N525~SVC*NU:1001*3000*0**0~DTM*472*20260506~CAS*CO*45*3000~REF*6R*CX155260X67696.001~LQ*HE*N525~SVC*NU:1001*3000*0**0~DTM*472*20260507~CAS*CO*45*3000~REF*6R*CX155260X67697.002~LQ*HE*N525~SVC*NU:1001*3000*0**0~DTM*472*20260508~CAS*CO*45*3000~REF*6R*CX155260X67698.003~LQ*HE*N525~SVC*NU:1001*3000*0**0~DTM*472*20260509~CAS*CO*45*3000~REF*6R*CX155260X67699.001~LQ*HE*N525~SVC*NU:1001*3000*0**0~DTM*472*20260510~CAS*CO*45*3000~REF*6R*CX155260X67700.002~LQ*HE*N525~SE*64*000000001~GE*1*944804138~IEA*1*944804138~