ISA*00*          *00*          *ZZ*CHC            *ZZ*00962249       *260617*0438*^*00501*740804998*0*P*:~GS*HP*CHC*00962249*20260617*04385000*740804998*X*005010X221A1~ST*835*000000001~BPR*I*3425*C*CHK************20260612~TRN*1*964960526*1411648670~REF*EV*133052274~REF*F2*PM~DTM*405*20260617~N1*PR*EVERNORTH BEHAVIORAL HEALTH, INC.~N3*P.O. BOX 182223~N4*CHATTANOOGA*TN*374227223~REF*2U*62308~PER*BL*EDI HELP DESK*TE*8008103388~N1*PE*RENFREW CTR OF GA LLC*XX*1225373145~N3*PO BOX 713700~N4*PHILADELPHIA*PA*191713700~REF*TJ*461429049~LX*1~TS3*1225373145*13*20261231*1*7500~CLP*CX156590X2*1*7500*3425**13*7682616212049*13*3~NM1*QC*1*GREENSTEIN*HAILEY*E***MI*U0135419603~NM1*IL*1*GREENSTEIN*JEREMY****MI*U0135419601~REF*1L*3213088~REF*CE*OPEN ACCESS PLUS~REF*EA*IDX136123X3~REF*G1*NO AUTHORIZATION REQUIRED~DTM*050*20260611~DTM*232*20260601~DTM*233*20260605~PER*CX*MEMBER SERVICES*TE*8002446224~AMT*AU*3425~SVC*HC:H0035*1500*685*0912*1~DTM*150*20260601~DTM*151*20260601~CAS*CO*45*815~REF*6R*CX156590X67722.005~AMT*B6*685~SVC*HC:H0035*1500*685*0912*1~DTM*150*20260602~DTM*151*20260602~CAS*CO*45*815~REF*6R*CX156590X67723.004~AMT*B6*685~SVC*HC:H0035*1500*685*0912*1~DTM*150*20260603~DTM*151*20260603~CAS*CO*45*815~REF*6R*CX156590X67724.004~AMT*B6*685~SVC*HC:H0035*1500*685*0912*1~DTM*150*20260604~DTM*151*20260604~CAS*CO*45*815~REF*6R*CX156590X67725.004~AMT*B6*685~SVC*HC:H0035*1500*685*0912*1~DTM*150*20260605~DTM*151*20260605~CAS*CO*45*815~REF*6R*CX156590X67726.004~AMT*B6*685~SE*60*000000001~GE*1*740804998~IEA*1*740804998~