ISA*00*          *00*          *ZZ*CHC            *ZZ*00962249       *260710*0345*^*00501*687807145*0*P*:~GS*HP*CHC*00962249*20260710*03454000*687807145*X*005010X221A1~ST*835*000000001~BPR*I*652.8*C*ACH*CCP*01*124384877*DA*1470858534*1411289245*000087726*01*121000248*DA*4122170038*20260714~TRN*1*W365011440*1411289245*000087726~REF*EV*B00099999800~REF*F2*1083~DTM*405*20260709~N1*PR*UNITED HEALTHCARE INSURANCE COMPANY~N3*9900 BREN ROAD~N4*MINNETONKA*MN*553439664~REF*2U*87726~PER*CX*ATLANTA SERVICE CENTER*TE*8778423210~PER*BL*UNKNOWN*UR*WWW.UNITEDHEALTHCAREONLINE.COM/B2C/CONTACTUS.DO~N1*PE*THE RENFREW CENTER OF TENNESSEE LLC*XX*1083812762~N3*PO BOX 823700~N4*PHILADELPHIA*PA*19182~REF*TJ*205497459~LX*1~TS3*1083812762*13*20261231*1*2250~CLP*CX157389X1*1*2250*652.8*163.2*13*FV62213060 0098779791*13*3~NM1*QC*1*BOND*ANNABELLA~NM1*IL*1*BOND*PATRICJA****MI*924783635~NM1*74*1**PATRYCJA*A~REF*EA*IDX136207X3~REF*CE*CHOYC+~REF*BB*9KM65L01~REF*G1*9KM65L-01~REF*1L*924468~DTM*232*20260622~DTM*233*20260625~DTM*050*20260701~AMT*AU*2250~SVC*HC:S9480:95*750*217.6*0905*1~DTM*150*20260622~DTM*151*20260625~CAS*PR*2*54.4~CAS*CO*45*478~REF*6R*CX157389X67743.002~AMT*B6*272~SVC*HC:S9480:95*750*217.6*0905*1~DTM*150*20260622~DTM*151*20260625~CAS*CO*45*478~CAS*PR*2*54.4~REF*6R*CX157389X67745.002~AMT*B6*272~SVC*HC:S9480:95*750*217.6*0905*1~DTM*150*20260622~DTM*151*20260625~CAS*PR*2*54.4~CAS*CO*45*478~REF*6R*CX157389X67746.002~AMT*B6*272~SE*53*000000001~GE*1*687807145~IEA*1*687807145~