ISA*00*          *00*          *ZZ*CHC            *ZZ*00962249       *260606*0615*^*00501*752004148*0*P*:~GS*HP*CHC*00962249*20260606*06153300*752004148*X*005010X221A1~ST*835*000000001~BPR*H*0*C*NON************20260606~TRN*1*926157000033184*1561545517~REF*EV*133052274~DTM*405*20260606~N1*PR*AETNA~N3*151 FARMINGTON AVENUE~N4*HARTFORD*CT*06156~REF*2U*60054~PER*BL*PROVIDER SERVICE~N1*PE*THE RENFREW CENTER OF NORTH CAROLINA, LLC*XX*1841497518~N3*PO BOX 713700~N4*PHILADELPHIA*PA*191713700~REF*PQ*353225980~REF*TJ*205508748~LX*1~TS3*1841497518*22*20261231*1*1500~CLP*CX156157X1*1*1500*0*658*13*ETADVCS190000*13*3~NM1*QC*1*MCLAUGHLIN*MICHAEL****MI*NNMAAACJ1PNF~NM1*82*2*THE RENFREW CENTER OF NORTH CAROLIN*****XX*1841497518~REF*1L*0192690-010-00906- A~REF*CE*AETNA CHOICE  POS II NET 00454~DTM*232*20260526~DTM*233*20260528~DTM*050*20260602~PER*CX**TE*8886323862~AMT*AU*1500~SVC*HC:S9480*750*0*0905*1~DTM*472*20260526~CAS*CO*45*421~CAS*PR*1*329~REF*6R*CX156157X67716.002~AMT*B6*329~SVC*HC:S9480*750*0*0905*1~DTM*472*20260528~CAS*CO*45*421~CAS*PR*1*329~REF*6R*CX156157X67718.002~AMT*B6*329~PLB*1841497518*20261231*FB:926150000004595*3691.85*FB:926157000033184*-3691.85~SE*41*000000001~GE*1*752004148~IEA*1*752004148~