ISA*00*          *00*          *ZZ*CHC            *ZZ*00962249       *260716*0703*^*00501*231405218*0*P*:~GS*HP*CHC*00962249*20260716*07034900*231405218*X*005010X221A1~ST*835*000000001~BPR*I*4457*C*ACH*CCP*01*031100225*DA*2079950064280/*1220999690*999999999*01*121000248*DA*4122170038*20260714~TRN*1*0031755140*1220999690*8352026071503181601~REF*EV*1164514691~DTM*405*20260714~N1*PR*HORIZON BCBSNJ~N3*P O  BOX 420~N4*NEWARK*NJ*071010420~REF*2U*22099~PER*BL*HORIZON BCBSNJ*EM*HORIZONEDI@HORIZONBLUE.COM*TE*8883349242~N1*PE*THE RENFREW CENTER OF NEW JERS*XX*1164514691~N3*PO BOX 713700~N4*PHILADELPHIA*PA*191713700~REF*PQ*001368~REF*TJ*223704728~LX*1~CLP*CX155823X3*1*2250*954**12*780202614921717   00*13*4~NM1*QC*1*HOFF*MADDEN****MI*XXP967797935~NM1*IL*1*HOFF*CHRISTINA****MI*XXP967797935~NM1*82*2*ASHLEY  HOADLEY*****XX*1821357682~DTM*232*20260518~DTM*233*20260521~DTM*050*20260529~PER*CX*HORIZON BLUE CROSS BLUE SHIELD OF NEW JERSEY DIRECT ACCESS*TE*8886662535~AMT*AU*954~AMT*T2*954~SVC*HC:S9480*750*318*0905*1~DTM*472*20260518~CAS*CO*45*432~REF*6R*CX155823X67708.002~REF*APC*00000~AMT*B6*318~SVC*HC:S9480*750*318*0905*1~DTM*472*20260520~CAS*CO*45*432~REF*6R*CX155823X67710.001~REF*APC*00000~AMT*B6*318~SVC*HC:S9480*750*318*0905*1~DTM*472*20260521~CAS*CO*45*432~REF*6R*CX155823X67711.001~REF*APC*00000~AMT*B6*318~CLP*CX156972X3*1*4500*0*4500*12*780202617619105   00*13*3~NM1*QC*1*KELLY*MIRIAM****MI*VKE1043825BL~NM1*IL*1*KELLY*KEVIN****MI*VKE1043825BL~NM1*82*2*ASHLEY  HOADLEY*****XX*1821357682~DTM*232*20260615~DTM*233*20260619~DTM*050*20260625~PER*CX*HORIZON BLUE CROSS BLUE SHIELD OF NEW JERSEY DIRECT ACCESS*TE*8886662535~AMT*AU*1911~SVC*HC:H0035*1500*0*0912*1~DTM*472*20260615~CAS*PR*95*1500~REF*6R*CX156972X67736.004~REF*APC*00000~LQ*HE*N584~SVC*HC:H0035*1500*0*0912*1~DTM*472*20260616~CAS*PR*95*1500~REF*6R*CX156972X67737.003~REF*APC*00000~LQ*HE*N584~SVC*HC:H0035*1500*0*0912*1~DTM*472*20260619~CAS*PR*95*1500~REF*6R*CX156972X67740.004~REF*APC*00000~LQ*HE*N584~CLP*CX156716X2*1*7500*3185**13*780202616918145   00*13*3~NM1*QC*1*CHACON*ALINA****MI*YHQ3HZN43916320~NM1*IL*1*CHACON*FRANCESCA****MI*YHQ3HZN43916320~NM1*74*1******C*YHQ3HZN439163200~NM1*82*2*ASHLEY  HOADLEY*****XX*1821357682~DTM*232*20260608~DTM*233*20260612~DTM*050*20260618~PER*CX*NATIONAL ACCOUNTS POS*TE*8006244758~AMT*AU*3185~AMT*T2*3185~SVC*HC:H0035*1500*637*0912*1~DTM*472*20260608~CAS*CO*45*863~REF*6R*CX156716X67729.003~REF*APC*00000~AMT*B6*637~SVC*HC:H0035*1500*637*0912*1~DTM*472*20260609~CAS*CO*45*863~REF*6R*CX156716X67730.002~REF*APC*00000~AMT*B6*637~SVC*HC:H0035*1500*637*0912*1~DTM*472*20260610~CAS*CO*45*863~REF*6R*CX156716X67731.002~REF*APC*00000~AMT*B6*637~SVC*HC:H0035*1500*637*0912*1~DTM*472*20260611~CAS*CO*45*863~REF*6R*CX156716X67732.002~REF*APC*00000~AMT*B6*637~SVC*HC:H0035*1500*637*0912*1~DTM*472*20260612~CAS*CO*45*863~REF*6R*CX156716X67733.001~REF*APC*00000~AMT*B6*637~CLP*CX156755X1*1*750*318**13*780202616918387   00*13*2~NM1*QC*1*PRIDACHIN*RACHEL****MI*YHQ3HZN52284970~NM1*IL*1*ERNST*SHARON****MI*YHQ3HZN52284970~NM1*74*1******C*YHQ3HZN522849700~NM1*82*2*ASHLEY  HOADLEY*****XX*1821357682~DTM*232*20260611~DTM*233*20260611~DTM*050*20260618~PER*CX*NATIONAL ACCOUNTS POS*TE*8006244758~AMT*AU*318~AMT*T2*318~SVC*HC:S9480:95*750*318*0905*1~DTM*472*20260611~CAS*CO*45*432~REF*6R*CX156755X67732.001~REF*APC*00000~AMT*B6*318~SE*130*000000001~GE*1*231405218~IEA*1*231405218~