ISA*00*          *00*          *ZZ*CHC            *ZZ*00962249       *260614*1636*^*00501*493603330*0*P*:~GS*HP*CHC*00962249*20260614*16361900*493603330*X*005010X221A1~ST*835*000000001~BPR*I*8384*C*ACH*CCP*01*043000096*DA*1028986734*1061118515*000006111*01*121000248*DA*4122170038*20260617~TRN*1*55177198*1061118515*000006111~REF*EV*BFT220003440~REF*F2*1284~DTM*405*20260612~N1*PR*OXFORD HEALTH INSURANCE INC~N3*4 RESEARCH DRIVE~N4*SHELTON*CT*064846282~REF*2U*06111~PER*CX*CUSTOMER SERVICE*TE*8006661353~PER*BL*UNKNOWN*TE*8662740906~N1*PE*THE RENFREW CENTER OF PENNSYLVANIA LLC*XX*1417971904~N3*PO BOX 823700~N4*PHILADELPHIA*PA*19182~REF*TJ*200994813~LX*1~TS3*A2033852*01*20261231*2*24000~CLP*CX155501X2*1*15000*5105*500*HM*FU17345637*01*2~NM1*QC*1*GERGEL*ELIZABETH~NM1*IL*1*MALOOF*LILY****MI*71849534802~NM1*74*1*GERGEL*ELIZABETH~NM1*82*2*RENFREW CENTERS*****XX*1417971904~REF*CE*OPTUM HEALTH BEHAVIORAL SERVICES  OHBS~DTM*232*20260513~DTM*233*20260517~AMT*AU*5605~SVC*NU:1001*3000*5105**0~DTM*472*20260513~CAS*PR*3*500~CAS*CO*45*-2605~REF*6R*CX155501X67703.005~AMT*B6*5605~SVC*NU:1001*3000*0**0~DTM*472*20260514~CAS*CO*45*3000~REF*6R*CX155501X67704.003~LQ*HE*N525~SVC*NU:1001*3000*0**0~DTM*472*20260515~CAS*CO*45*3000~REF*6R*CX155501X67705.002~LQ*HE*N525~SVC*NU:1001*3000*0**0~DTM*472*20260516~CAS*CO*45*3000~REF*6R*CX155501X67706.001~LQ*HE*N525~SVC*NU:1001*3000*0**0~DTM*472*20260517~CAS*CO*45*3000~REF*6R*CX155501X67707.003~LQ*HE*N525~CLP*CX155502X3*1*9000*3279**HM*FU17345883*01*4~NM1*QC*1*SIMMONS*TEIGHAN~NM1*IL*1*SIMMONS*SANFORD****MI*40103455105~NM1*74*1**TEIGHAN~NM1*82*2*RENFREW CENTERS*****XX*1417971904~REF*CE*OPTUM HEALTH BEHAVIORAL SERVICES  OHBS~DTM*232*20260511~DTM*233*20260514~AMT*AU*3279~SVC*NU:1001*3000*3279**0~DTM*472*20260511~CAS*CO*45*-279~REF*6R*CX155502X67701.003~AMT*B6*3279~SVC*NU:1001*3000*0**0~DTM*472*20260512~CAS*CO*45*3000~REF*6R*CX155502X67702.002~LQ*HE*N525~SVC*NU:1001*3000*0**0~DTM*472*20260513~CAS*CO*45*3000~REF*6R*CX155502X67703.004~LQ*HE*N525~SE*78*000000001~GE*1*493603330~IEA*1*493603330~