ISA*00*          *00*          *ZZ*CHC            *ZZ*00962249       *260620*0941*^*00501*486007104*0*P*:~GS*HP*CHC*00962249*20260620*09414700*486007104*X*005010X221A1~ST*835*000000001~BPR*I*3208*C*CHK************20260619~TRN*1*964963842*1411648670~REF*EV*133052274~REF*F2*PM~DTM*405*20260620~N1*PR*EVERNORTH BEHAVIORAL HEALTH, INC.~N3*P.O. BOX 182223~N4*CHATTANOOGA*TN*374227223~REF*2U*62308~PER*BL*EDI HELP DESK*TE*8008103388~N1*PE*RENFREW CTR OF NEW YORK*XX*1568561298~N3*PO BOX 713700~N4*PHILADELPHIA*PA*191713700~REF*TJ*522227870~LX*1~TS3*1568561298*13*20261231*1*6000~CLP*CX156743X1*1*6000*3208**13*8672616993797*13*3~NM1*QC*1*WEINTRAUB*EMILY*B***MI*U9354088401~REF*1L*3333622~REF*CE*OPEN ACCESS PLUS IN-NETWORK~REF*EA*IDX136141X3~REF*G1*NO AUTH REQUIRED~DTM*050*20260618~DTM*232*20260608~DTM*233*20260612~PER*CX*MEMBER SERVICES*TE*8002446224~AMT*AU*3208~SVC*HC:H0035*1500*802*0912*1~DTM*150*20260608~DTM*151*20260608~CAS*CO*45*698~REF*6R*CX156743X67729.002~AMT*B6*802~SVC*HC:H0035*1500*802*0912*1~DTM*150*20260609~DTM*151*20260609~CAS*CO*45*698~REF*6R*CX156743X67730.001~AMT*B6*802~SVC*HC:H0035*1500*802*0912*1~DTM*150*20260610~DTM*151*20260610~CAS*CO*45*698~REF*6R*CX156743X67731.001~AMT*B6*802~SVC*HC:H0035*1500*802*0912*1~DTM*150*20260612~DTM*151*20260612~CAS*CO*45*698~REF*6R*CX156743X67733.001~AMT*B6*802~SE*53*000000001~GE*1*486007104~IEA*1*486007104~