ISA*00*          *00*          *ZZ*CHC            *ZZ*00962249       *260610*1840*^*00501*227805803*0*P*:~GS*HP*CHC*00962249*20260610*18401400*227805803*X*005010X221A1~ST*835*000000001~BPR*I*7847*C*CHK******9999999999*999999999*****20260611~TRN*1*VP3590766117*1391995276*CREDITCAR~REF*EV*841162789~DTM*405*20260608~N1*PR*UHC SUREST~N3*UNITEDHEALTHCARE SHARED SERVICES~N4*SALT LAKE CITY*UT*841300783~REF*2U*39026~PER*CX*UMR EDI TEAM*TE*8443686661~PER*BL*UMR EDI TEAM*EM*UMR-EDI-IT-TEAM DL@DS.UHC.COM~N1*PE*THE RENFREW CENTERS OF PENNSYLVANIA*XX*1417971904~N3*PO BOX 713700~N4*PHILADELPHIA*PA*19171~REF*TJ*200994813~LX*1~CLP*CX155734X1*1*21000*7847**12*26148250495*11*3~NM1*QC*1*HARSANYI*ERIKA****MI*771901776021~NM1*82*1*NEWELL*JESSICA****XX*1972188654~REF*1L*78800158~AMT*AU*21000~SVC*NU:1001*3000*1121~DTM*150*20260518~DTM*151*20260524~CAS*CO*45*1879~REF*6R*CX155734X67708.003~AMT*B6*1121~SVC*NU:1001*3000*1121~DTM*150*20260518~DTM*151*20260524~CAS*CO*45*1879~REF*6R*CX155734X67709.002~AMT*B6*1121~SVC*NU:1001*3000*1121~DTM*150*20260518~DTM*151*20260524~CAS*CO*45*1879~REF*6R*CX155734X67710.002~AMT*B6*1121~SVC*NU:1001*3000*1121~DTM*150*20260518~DTM*151*20260524~CAS*CO*45*1879~REF*6R*CX155734X67711.004~AMT*B6*1121~SVC*NU:1001*3000*1121~DTM*150*20260518~DTM*151*20260524~CAS*CO*45*1879~REF*6R*CX155734X67712.004~AMT*B6*1121~SVC*NU:1001*3000*1121~DTM*150*20260518~DTM*151*20260524~CAS*CO*45*1879~REF*6R*CX155734X67713.002~AMT*B6*1121~SVC*NU:1001*3000*1121~DTM*150*20260518~DTM*151*20260524~CAS*CO*45*1879~REF*6R*CX155734X67714.004~AMT*B6*1121~SE*64*000000001~GE*1*227805803~IEA*1*227805803~