ISA*00*          *00*          *ZZ*CHC            *ZZ*00962249       *260626*0340*^*00501*487809858*0*P*:~GS*HP*CHC*00962249*20260626*03401700*487809858*X*005010X221A1~ST*835*000000001~BPR*H*0*C*NON******9999999999*999999999*****20260630~TRN*1*55689510*1061118515*000006111~REF*EV*BFT220003440~REF*F2*1284~DTM*405*20260625~N1*PR*OXFORD HEALTH INSURANCE INC~N3*4 RESEARCH DRIVE~N4*SHELTON*CT*064846282~REF*2U*06111~PER*CX*CUSTOMER SERVICE*TE*8006661353~PER*BL*UNKNOWN*TE*8662740906~N1*PE*THE RENFREW CENTER INC*XX*1417971904~N3*PO BOX 823700~N4*PHILADELPHIA*PA*19182~REF*TJ*200994813~LX*1~TS3*A2033852*01*20261231*1*21000~CLP*CX156385X3*1*21000*0**HM*FU91799827*01*3~NM1*QC*1*GERGEL*ELIZABETH****MI*NONE~NM1*82*2*RENFREW CENTERS*****XX*1417971904~DTM*232*20260601~DTM*233*20260607~SVC*NU:1001*3000*0**0~DTM*472*20260601~CAS*OA*18*3000~REF*6R*CX156385X67722.002~LQ*HE*N702~SVC*NU:1001*3000*0**0~DTM*472*20260602~CAS*OA*18*3000~REF*6R*CX156385X67723.002~LQ*HE*N702~SVC*NU:1001*3000*0**0~DTM*472*20260603~CAS*OA*18*3000~REF*6R*CX156385X67724.003~LQ*HE*N702~SVC*NU:1001*3000*0**0~DTM*472*20260604~CAS*OA*18*3000~REF*6R*CX156385X67725.003~LQ*HE*N702~SVC*NU:1001*3000*0**0~DTM*472*20260605~CAS*OA*18*3000~REF*6R*CX156385X67726.003~LQ*HE*N702~SVC*NU:1001*3000*0**0~DTM*472*20260606~CAS*OA*18*3000~REF*6R*CX156385X67727.003~LQ*HE*N702~SVC*NU:1001*3000*0**0~DTM*472*20260607~CAS*OA*18*3000~REF*6R*CX156385X67728.003~LQ*HE*N702~SE*59*000000001~GE*1*487809858~IEA*1*487809858~