ISA*00*          *00*          *ZZ*CHC            *ZZ*00962249       *260603*0618*^*00501*521607592*0*P*:~GS*HP*CHC*00962249*20260603*06181200*521607592*X*005010X221A1~ST*835*000000001~BPR*I*2490*C*ACH*CCP*01*031100209*DA*0000009108*1066033492**01*121000248*DA*4122170038*20260608~TRN*1*826154000276978*1066033492~REF*EV*133052274~DTM*405*20260603~N1*PR*AETNA~N3*151 FARMINGTON AVENUE~N4*HARTFORD*CT*06156~REF*2U*60054~PER*BL*PROVIDER SERVICE~N1*PE*THE RENFREW CENTER OF MASSACHUSETTS, LLC*XX*1346674215~N3*PO BOX 713700~N4*PHILADELPHIA*PA*191713700~REF*PQ*046923740~REF*TJ*463400788~LX*1~TS3*1346674215*11*20261231*2*6000~CLP*CX155915X2*1*1500*690**12*E2614603950000*13*3~NM1*QC*1*STEPHENS*MIA****MI*W281493469~REF*1L*0711110-036-00101-UE~REF*CE*PPO-MEDICAL NET 00124~DTM*232*20260518~DTM*233*20260519~DTM*050*20260526~PER*CX**TE*8886323862~AMT*AU*1500~SVC*HC:S9480*750*345**1~DTM*472*20260518~CAS*CO*45*405~REF*6R*CX155915X67708.002~AMT*B6*345~SVC*HC:S9480*750*345**1~DTM*472*20260519~CAS*CO*45*405~REF*6R*CX155915X67709.002~AMT*B6*345~CLP*CX155912X2*1*4500*1800**12*E2614604440000*13*3~NM1*QC*1*HUANG*HELLEN****MI*W261474572~REF*1L*0711110-036-00101-UE~REF*CE*PPO-MEDICAL NET 00124~DTM*232*20260520~DTM*233*20260522~DTM*050*20260526~PER*CX**TE*8886323862~AMT*AU*4500~SVC*HC:H0035*1500*600**1~DTM*472*20260520~CAS*CO*45*900~REF*6R*CX155912X67710.003~AMT*B6*600~SVC*HC:H0035*1500*600**1~DTM*472*20260521~CAS*CO*45*900~REF*6R*CX155912X67711.003~AMT*B6*600~SVC*HC:H0035*1500*600**1~DTM*472*20260522~CAS*CO*45*900~REF*6R*CX155912X67712.004~AMT*B6*600~SE*61*000000001~GE*1*521607592~IEA*1*521607592~