ISA*00*          *00*          *ZZ*CHC            *ZZ*00962249       *260629*0729*^*00501*766826780*0*P*:~GS*HP*CHC*00962249*20260629*07292200*766826780*X*005010X221A1~ST*835*000000001~BPR*I*7508*C*ACH*CCP*01*031100225*DA*2079950064280/*1220999690*999999999*01*121000248*DA*4122170038*20260627~TRN*1*0031635084*1220999690*8352026062809461225~REF*EV*1164514691~DTM*405*20260627~N1*PR*HORIZON BCBSNJ~N3*P O  BOX 420~N4*NEWARK*NJ*071010420~REF*2U*22099~PER*BL*HORIZON BCBSNJ*EM*HORIZONEDI@HORIZONBLUE.COM*TE*8883349242~N1*PE*THE RENFREW CENTER OF NEW JERS*XX*1164514691~N3*PO BOX 713700~N4*PHILADELPHIA*PA*191713700~REF*PQ*001368~REF*TJ*223704728~LX*1~CLP*CX156048X5*1*4500*1775*136*13*780202615414099   00*13*4~NM1*QC*1*SIERZEGA*TAYLOR****MI*YKS3HZN59922300~NM1*IL*1*SIERZEGA*RONALD****MI*YKS3HZN59922300~NM1*74*1******C*YKS3HZN599223000~NM1*82*2*ASHLEY  HOADLEY*****XX*1821357682~DTM*232*20260522~DTM*233*20260527~DTM*050*20260602~AMT*AU*1911~AMT*T2*1775~SVC*HC:H0035*1500*541*0912*1~DTM*472*20260522~CAS*PR*1*76**3*20~CAS*CO*45*863~REF*6R*CX156048X67712.005~REF*APC*00000~AMT*B6*637~SVC*HC:H0035*1500*617*0912*1~DTM*472*20260526~CAS*PR*3*20~CAS*CO*45*863~REF*6R*CX156048X67716.002~REF*APC*00000~AMT*B6*637~SVC*HC:H0035*1500*617*0912*1~DTM*472*20260527~CAS*PR*3*20~CAS*CO*45*863~REF*6R*CX156048X67717.003~REF*APC*00000~AMT*B6*637~CLP*CX156052X2*1*6000*2548**13*780202615413657   00*13*2~NM1*QC*1*CHACON*ALINA****MI*YHQ3HZN43916320~NM1*IL*1*CHACON*FRANCESCA****MI*YHQ3HZN43916320~NM1*74*1******C*YHQ3HZN439163200~NM1*82*2*ASHLEY  HOADLEY*****XX*1821357682~DTM*232*20260526~DTM*233*20260529~DTM*050*20260602~PER*CX*NATIONAL ACCOUNTS POS*TE*8006244758~AMT*AU*2548~AMT*T2*2548~SVC*HC:H0035*1500*637*0912*1~DTM*472*20260526~CAS*CO*45*863~REF*6R*CX156052X67716.002~REF*APC*00000~AMT*B6*637~SVC*HC:H0035*1500*637*0912*1~DTM*472*20260527~CAS*CO*45*863~REF*6R*CX156052X67717.003~REF*APC*00000~AMT*B6*637~SVC*HC:H0035*1500*637*0912*1~DTM*472*20260528~CAS*CO*45*863~REF*6R*CX156052X67718.003~REF*APC*00000~AMT*B6*637~SVC*HC:H0035*1500*637*0912*1~DTM*472*20260529~CAS*CO*45*863~REF*6R*CX156052X67719.001~REF*APC*00000~AMT*B6*637~CLP*CX156046X3*1*7500*3185**13*780202615413434   00*13*3~NM1*QC*1*WELLBORN*GEORGIA****MI*YHQ3HZN74396740~NM1*IL*1*WELLBORN*TESSA****MI*YHQ3HZN74396740~NM1*74*1******C*YHQ3HZN743967404~NM1*82*2*ASHLEY  HOADLEY*****XX*1821357682~DTM*232*20260522~DTM*233*20260529~DTM*050*20260602~PER*CX*NATIONAL ACCOUNTS POS*TE*8006244758~AMT*AU*3185~AMT*T2*3185~SVC*HC:H0035*1500*637*0912*1~DTM*472*20260522~CAS*CO*45*863~REF*6R*CX156046X67712.004~REF*APC*00000~AMT*B6*637~SVC*HC:H0035*1500*637*0912*1~DTM*472*20260526~CAS*CO*45*863~REF*6R*CX156046X67716.002~REF*APC*00000~AMT*B6*637~SVC*HC:H0035*1500*637*0912*1~DTM*472*20260527~CAS*CO*45*863~REF*6R*CX156046X67717.003~REF*APC*00000~AMT*B6*637~SVC*HC:H0035*1500*637*0912*1~DTM*472*20260528~CAS*CO*45*863~REF*6R*CX156046X67718.003~REF*APC*00000~AMT*B6*637~SVC*HC:H0035*1500*637*0912*1~DTM*472*20260529~CAS*CO*45*863~REF*6R*CX156046X67719.003~REF*APC*00000~AMT*B6*637~SE*124*000000001~ST*835*000000002~BPR*I*5733*C*ACH*CCP*01*031100225*DA*4058564014/*1220999690*999999999*01*121000248*DA*4122170038*20260627~TRN*1*0077339055*1220999690*8352026062809461224~REF*EV*1164514691~DTM*405*20260627~N1*PR*HORIZON BCBSNJ~N3*P O  BOX 420~N4*NEWARK*NJ*071010420~REF*2U*22099~PER*BL*HORIZON BCBSNJ*EM*HORIZONEDI@HORIZONBLUE.COM*TE*8883349242~N1*PE*THE RENFREW CENTER OF NEW JERS*XX*1164514691~N3*PO BOX 713700~N4*PHILADELPHIA*PA*191713700~REF*PQ*001368~REF*TJ*223704728~LX*1~CLP*CX156970X1*1*4500*1911**13*780202617619191   00*13*3~NM1*QC*1*RAVEN*ANASTASIA****MI*NJX3HZN17420950~NM1*IL*1*MCCOY*LISA****MI*NJX3HZN17420950~NM1*74*1******C*NJX3HZN174209500~NM1*82*2*ASHLEY  HOADLEY*****XX*1821357682~DTM*232*20260615~DTM*233*20260618~DTM*050*20260625~PER*CX*NJ DIRECT*TE*8886662535~AMT*AU*1911~AMT*T2*1911~SVC*HC:H0035*1500*637*0912*1~DTM*472*20260615~CAS*CO*45*863~REF*6R*CX156970X67736.005~REF*APC*00000~AMT*B6*637~SVC*HC:H0035*1500*637*0912*1~DTM*472*20260617~CAS*CO*45*863~REF*6R*CX156970X67738.004~REF*APC*00000~AMT*B6*637~SVC*HC:H0035*1500*637*0912*1~DTM*472*20260618~CAS*CO*45*863~REF*6R*CX156970X67739.005~REF*APC*00000~AMT*B6*637~CLP*CX156977X3*1*7500*3185**13*780202617619195   00*13*4~NM1*QC*1*DEMCZUK*OLIVIA****MI*NJX3HZN97411020~NM1*IL*1*DEMCZUK*MELISSA****MI*NJX3HZN97411020~NM1*74*1******C*NJX3HZN974110200~NM1*82*2*ASHLEY  HOADLEY*****XX*1821357682~DTM*232*20260615~DTM*233*20260619~DTM*050*20260625~PER*CX*NATIONAL ACCOUNTS PPO*TE*8006244758~AMT*AU*3185~AMT*T2*3185~SVC*HC:H0035*1500*637*0912*1~DTM*472*20260615~CAS*CO*45*863~REF*6R*CX156977X67736.001~REF*APC*00000~AMT*B6*637~SVC*HC:H0035*1500*637*0912*1~DTM*472*20260616~CAS*CO*45*863~REF*6R*CX156977X67737.002~REF*APC*00000~AMT*B6*637~SVC*HC:H0035*1500*637*0912*1~DTM*472*20260617~CAS*CO*45*863~REF*6R*CX156977X67738.001~REF*APC*00000~AMT*B6*637~SVC*HC:H0035*1500*637*0912*1~DTM*472*20260618~CAS*CO*45*863~REF*6R*CX156977X67739.001~REF*APC*00000~AMT*B6*637~SVC*HC:H0035*1500*637*0912*1~DTM*472*20260619~CAS*CO*45*863~REF*6R*CX156977X67740.001~REF*APC*00000~AMT*B6*637~CLP*CX156975X1*1*1500*637**13*780202617619163   00*13*3~NM1*QC*1*PLOENES*KELLYANNE****MI*NJX3HZN27279000~NM1*IL*1*PLOENES*RICHARD****MI*NJX3HZN27279000~NM1*74*1******C*NJX3HZN272790000~NM1*82*2*ASHLEY  HOADLEY*****XX*1821357682~DTM*232*20260615~DTM*233*20260615~DTM*050*20260625~PER*CX*NATIONAL ACCOUNTS PPO*TE*8006244758~AMT*AU*637~AMT*T2*637~SVC*HC:H0035*1500*637*0912*1~DTM*472*20260615~CAS*CO*45*863~REF*6R*CX156975X67736.001~REF*APC*00000~AMT*B6*637~SE*104*000000002~GE*2*766826780~IEA*1*766826780~