ISA*00*          *00*          *ZZ*CHC            *ZZ*00962249       *260613*1234*^*00501*406009089*0*P*:~GS*HP*CHC*00962249*20260613*12341800*406009089*X*005010X221A1~ST*835*000000001~BPR*I*3595*C*CHK************20260608~TRN*1*405373082*1341858379~DTM*405*20260608~N1*PR*AMERIHEALTH INC~N3*1901 MARKET STREET~N4*PHILADELPHIA*PA*19103~REF*2U*SX055~PER*CX*EDI SUPPORT TEAM*FX*4408355656*TE*4408353511~PER*BL*EDI SUPPORT TEAM~N1*PE*THE RENFREW CENTER OF NEW JERSEY LLC*XX*1164514691~N3*PO BOX 713700~N4*PHILADELPHIA*PA*19171~REF*TJ*223704728~LX*1~CLP*CX155624X1*1*7500*3595**HM*20260520516929*13*3~NM1*QC*1*MCGROARTY*SABRINA****MI*QB16026541905~NM1*IL*1*MCGROARTY*JOSEPH****MI*QB16026541905~REF*CE*3450855~DTM*232*20260511~DTM*233*20260515~DTM*050*20260605~PER*CX**TE*4408353511~AMT*AU*3595~SVC*HC:H0035*1500*719*0912*1**0~DTM*472*20260511~CAS*CO*45*781*1~REF*6R*CX155624X67701.001~AMT*B6*719~SVC*HC:H0035*1500*719*0912*1**0~DTM*472*20260512~CAS*CO*45*781*1~REF*6R*CX155624X67702.003~AMT*B6*719~SVC*HC:H0035*1500*719*0912*1**0~DTM*472*20260513~CAS*CO*45*781*1~REF*6R*CX155624X67703.004~AMT*B6*719~SVC*HC:H0035*1500*719*0912*1**0~DTM*472*20260514~CAS*CO*45*781*1~REF*6R*CX155624X67704.004~AMT*B6*719~SVC*HC:H0035*1500*719*0912*1**0~DTM*472*20260515~CAS*CO*45*781*1~REF*6R*CX155624X67705.004~AMT*B6*719~SE*50*000000001~GE*1*406009089~IEA*1*406009089~