ISA*00*          *00*          *ZZ*CHC            *ZZ*00962249       *260709*0620*^*00501*608006961*0*P*:~GS*HP*CHC*00962249*20260709*06202000*608006961*X*005010X221A1~ST*835*000000001~BPR*I*1920*C*ACH*CCP*01*011900445*DA*0000009046*1066033492**01*121000248*DA*4122170038*20260714~TRN*1*826190000563242*1066033492~REF*EV*133052274~DTM*405*20260709~N1*PR*AETNA~N3*151 FARMINGTON AVENUE~N4*HARTFORD*CT*06156~REF*2U*60054~PER*BL*PROVIDER SERVICE~N1*PE*THE RENFREW CENTER OF NEW YORK, LLC*XX*1568561298~N3*PO BOX 713700~N4*PHILADELPHIA*PA*191713700~REF*PQ*466797690~REF*TJ*522227870~LX*1~TS3*1568561298*22*20261231*2*12000~CLP*CX157257X2*1*6000*1920**13*EX37VPXMX0000*13*3~NM1*QC*1*ABEYWARDENA*MELANIE~NM1*IL*1*ABEYWARDENA*JENNIFER****MI*W27238689902~NM1*74*1******C*W272386899~NM1*82*2*THE RENFREW CENTER OF NEW YORK*****XX*1568561298~REF*G1*074689378~REF*1L*0144206-010-00005- A~REF*CE*AETNA CHOICE  POS II NET 00357~DTM*232*20260623~DTM*233*20260626~DTM*050*20260630~PER*CX**TE*8886323862~AMT*AU*4500~SVC*HC:H0035*1500*640*0912*1~DTM*472*20260623~CAS*CO*45*860~REF*6R*CX157257X67744.001~AMT*B6*640~SVC*HC:H0035*1500*640*0912*1~DTM*472*20260624~CAS*CO*45*860~REF*6R*CX157257X67745.001~AMT*B6*640~SVC*HC:H0035*1500*640*0912*1~DTM*472*20260625~CAS*CO*45*860~REF*6R*CX157257X67746.001~AMT*B6*640~SVC*HC:H0035*1500*0*0912*0**1~DTM*472*20260626~CAS*CO*197*1500*1~REF*6R*CX157257X67747.001~CLP*CX157527X2*1*6000*0**13*EZJNVTCTS0000*13*4~NM1*QC*1*ABEYWARDENA*MELANIE~NM1*IL*1*ABEYWARDENA*JENNIFER****MI*W27238689902~NM1*74*1******C*W272386899~NM1*82*2*THE RENFREW CENTER OF NEW YORK*****XX*1568561298~REF*1L*0144206-010-00005- A~REF*CE*AETNA CHOICE  POS II NET 00357~DTM*232*20260629~DTM*233*20260702~DTM*050*20260707~PER*CX**TE*8886323862~SVC*HC:H0035*1500*0*0912*0**1~DTM*472*20260629~CAS*CO*197*1500*1~REF*6R*CX157527X67750.001~SVC*HC:H0035*1500*0*0912*0**1~DTM*472*20260630~CAS*CO*197*1500*1~REF*6R*CX157527X67751.002~SVC*HC:H0035*1500*0*0912*0**1~DTM*472*20260701~CAS*CO*197*1500*1~REF*6R*CX157527X67752.002~SVC*HC:H0035*1500*0*0912*0**1~DTM*472*20260702~CAS*CO*197*1500*1~REF*6R*CX157527X67753.001~SE*77*000000001~ST*835*000000002~BPR*I*5003*C*ACH*CCP*01*031100209*DA*0000009108*1066033492**01*121000248*DA*4122170038*20260714~TRN*1*826190000563245*1066033492~REF*EV*133052274~DTM*405*20260709~N1*PR*AETNA~N3*151 FARMINGTON AVENUE~N4*HARTFORD*CT*06156~REF*2U*60054~PER*BL*PROVIDER SERVICE~N1*PE*THE RENFREW CENTER OF NEW YORK, LLC*XX*1568561298~N3*PO BOX 713700~N4*PHILADELPHIA*PA*191713700~REF*PQ*466797690~REF*TJ*522227870~LX*1~TS3*1568561298*22*20261231*6*20250~CLP*CX157000X5*1*7500*0*7500*13*EXADVLNRF0000*13*3~NM1*QC*1*KAPLAN*SARAH****MI*W265892325~NM1*82*2*THE RENFREW CENTER OF NEW YORK*****XX*1568561298~REF*G1*074612000~REF*1L*0232494-017-00585-NA~REF*CE*AETNA OPEN ACCESS  MANAGED CHOICE NET 00357~DTM*232*20260615~DTM*233*20260619~DTM*050*20260625~PER*CX**TE*8886323862~SVC*HC:H0035*1500*0*0912*1~DTM*472*20260615~CAS*PR*119*1500~REF*6R*CX157000X67736.001~LQ*HE*N587~SVC*HC:H0035*1500*0*0912*1~DTM*472*20260616~CAS*PR*119*1500~REF*6R*CX157000X67737.001~LQ*HE*N587~SVC*HC:H0035*1500*0*0912*1~DTM*472*20260617~CAS*PR*119*1500~REF*6R*CX157000X67738.002~LQ*HE*N587~SVC*HC:H0035*1500*0*0912*1~DTM*472*20260618~CAS*PR*119*1500~REF*6R*CX157000X67739.001~LQ*HE*N587~SVC*HC:H0035*1500*0*0912*1~DTM*472*20260619~CAS*PR*119*1500~REF*6R*CX157000X67740.001~LQ*HE*N587~CLP*CX157529X1*1*2250*1047**13*EZADVTCT40000*13*3~NM1*QC*1*FREESMAN*GABRIELLE****MI*W287410953~NM1*82*2*THE RENFREW CENTER OF NEW YORK*****XX*1568561298~REF*1L*0181808-014-00023-IA~REF*CE*AETNA OPEN ACCESS  MANAGED CHOICE NET 00357~DTM*232*20260629~DTM*233*20260702~DTM*050*20260707~PER*CX**TE*8886323862~AMT*AU*2250~SVC*HC:S9480*750*349*0905*1~DTM*472*20260629~CAS*CO*45*401~REF*6R*CX157529X67750.001~AMT*B6*349~SVC*HC:S9480*750*349*0905*1~DTM*472*20260701~CAS*CO*45*401~REF*6R*CX157529X67752.001~AMT*B6*349~SVC*HC:S9480*750*349*0905*1~DTM*472*20260702~CAS*CO*45*401~REF*6R*CX157529X67753.002~AMT*B6*349~CLP*CX157526X1*1*3000*1280**13*EZJNVTCPN0000*13*3~NM1*QC*1*FINNEY*RACHEL****MI*W29825848101~NM1*82*2*THE RENFREW CENTER OF NEW YORK*****XX*1568561298~MOA***MA15~REF*G1*075029279~REF*1L*0256926-012-00514-EB~REF*CE*AETNA OPEN ACCESS  MANAGED CHOICE NET 00357~DTM*232*20260629~DTM*233*20260630~DTM*050*20260707~PER*CX**TE*8886323862~AMT*AU*3000~SVC*HC:H0035*1500*640*0912*1~DTM*472*20260629~CAS*CO*45*860~REF*6R*CX157526X67750.001~AMT*B6*640~SVC*HC:H0035*1500*640*0912*1~DTM*472*20260630~CAS*CO*45*860~REF*6R*CX157526X67751.001~AMT*B6*640~CLP*CX157526X1*1*3000*1280**13*EZJNVTCPN0001*13*3~NM1*QC*1*FINNEY*RACHEL****MI*W29825848101~NM1*82*2*THE RENFREW CENTER OF NEW YORK*****XX*1568561298~MOA***MA15~REF*G1*075029279~REF*1L*0256926-012-00514-EB~REF*CE*AETNA OPEN ACCESS  MANAGED CHOICE NET 00357~DTM*232*20260701~DTM*233*20260702~DTM*050*20260707~PER*CX**TE*8886323862~AMT*AU*3000~SVC*HC:H0035*1500*640*0912*1~DTM*472*20260701~CAS*CO*45*860~REF*6R*CX157526X67752.002~AMT*B6*640~SVC*HC:H0035*1500*640*0912*1~DTM*472*20260702~CAS*CO*45*860~REF*6R*CX157526X67753.001~AMT*B6*640~CLP*CX157530X2*1*3000*698*1500*12*EZTYVTCS80000*13*2~NM1*QC*1*SMITH*AKIA****MI*W283325345~NM1*82*2*THE RENFREW CENTER OF NEW YORK*****XX*1568561298~REF*1L*0237712-013-00001-CA~REF*CE*AETNA OPEN ACCESS  ELECT CHOICE NET 12104~DTM*232*20260629~DTM*233*20260702~DTM*036*20260630~DTM*050*20260707~PER*CX**TE*8886323862~AMT*AU*1500~SVC*HC:S9480*750*349*0905*1~DTM*472*20260629~CAS*CO*45*401~REF*6R*CX157530X67750.001~AMT*B6*349~SVC*HC:S9480*750*349*0905*1~DTM*472*20260630~CAS*CO*45*401~REF*6R*CX157530X67751.002~AMT*B6*349~SVC*HC:S9480*750*0*0905*0**1~DTM*472*20260701~CAS*PR*27*750*1~REF*6R*CX157530X67752.002~LQ*HE*N650~SVC*HC:S9480*750*0*0905*0**1~DTM*472*20260702~CAS*PR*27*750*1~REF*6R*CX157530X67753.001~LQ*HE*N650~CLP*CX157531X3*1*1500*698**13*E2Y2VVD950000*13*2~NM1*QC*1*KAPLAN*SARAH****MI*W265892325~NM1*82*2*THE RENFREW CENTER OF NEW YORK*****XX*1568561298~REF*1L*0232494-017-00585-NA~REF*CE*AETNA OPEN ACCESS  MANAGED CHOICE NET 00357~DTM*232*20260629~DTM*233*20260701~DTM*050*20260707~PER*CX**TE*8886323862~AMT*AU*1500~SVC*HC:S9480*750*349*0905*1~DTM*472*20260629~CAS*CO*45*401~REF*6R*CX157531X67750.001~AMT*B6*349~SVC*HC:S9480*750*349*0905*1~DTM*472*20260701~CAS*CO*45*401~REF*6R*CX157531X67752.001~AMT*B6*349~SE*173*000000002~GE*2*608006961~IEA*1*608006961~