ISA*00*          *00*          *ZZ*CHC            *ZZ*00962249       *260602*1046*^*00501*453206254*0*P*:~GS*HP*CHC*00962249*20260602*10463900*453206254*X*005010X221A1~ST*835*000000001~BPR*H*0*C*NON******9999999999*999999999*****20260604~TRN*1*54706216*1411289245*000087726~REF*EV*BFT220003440~REF*F2*1284~DTM*405*20260601~N1*PR*UNITED HEALTHCARE INSURANCE COMPANY~N3*4 RESEARCH DRIVE~N4*SHELTON*CT*064846282~REF*2U*87726~PER*CX*PROVIDER ESOLUTIONS*TE*8778423210~PER*BL*OPERATIONS*TE*8662740906~N1*PE*RENFREW CENTER*XX*1083812762~N3*PO BOX 823700~N4*PHILADELPHIA*PA*19182~REF*TJ*205497459~LX*1~TS3*A4902092*01*20261231*3*5250~CLP*CX155446X1*1*1500*0**HM*FU01399705*01*3~NM1*QC*1*PENDRAGON*GABRIEL****MI*98640649700~REF*CE*OPTUM HEALTH BEHAVIORAL SERVICES  OHBS~DTM*232*20260505~DTM*233*20260506~SVC*HC:S9480*750*0*0905*0~DTM*472*20260505~CAS*CO*197*750~REF*6R*CX155446X67695.003~SVC*HC:S9480*750*0*0905*0~DTM*472*20260506~CAS*CO*197*750~REF*6R*CX155446X67696.002~CLP*CX155682X1*1*2250*0**HM*FU26226738*01*3~NM1*QC*1*PENDRAGON*GABRIEL****MI*98640649700~REF*CE*OPTUM HEALTH BEHAVIORAL SERVICES  OHBS~DTM*232*20260512~DTM*233*20260515~SVC*HC:S9480*750*0*0905*0~DTM*472*20260512~CAS*CO*197*750~REF*6R*CX155682X67702.003~SVC*HC:S9480*750*0*0905*0~DTM*472*20260513~CAS*CO*197*750~REF*6R*CX155682X67703.001~SVC*HC:S9480*750*0*0905*0~DTM*472*20260515~CAS*CO*197*750~REF*6R*CX155682X67705.002~CLP*CX155907X1*1*1500*0**HM*FU44045071*01*3~NM1*QC*1*PENDRAGON*GABRIEL****MI*98640649700~REF*CE*OPTUM HEALTH BEHAVIORAL SERVICES  OHBS~DTM*232*20260519~DTM*233*20260522~SVC*HC:S9480*750*0*0905*0~DTM*472*20260519~CAS*CO*197*750~REF*6R*CX155907X67709.002~SVC*HC:S9480*750*0*0905*0~DTM*472*20260522~CAS*CO*197*750~REF*6R*CX155907X67712.004~SE*62*000000001~GE*1*453206254~IEA*1*453206254~