ISA*00*          *00*          *ZZ*CHC            *ZZ*00962249       *260708*0857*^*00501*539606360*0*P*:~GS*HP*CHC*00962249*20260708*08574400*539606360*X*005010X221A1~ST*835*000000001~BPR*I*1162.8*C*ACH*CCP*01*093702139*DA*0601849573*1591031071**01*121000248*DA*4122170038*20260710~TRN*1*260707090061230*1591031071~REF*EV*133052274~REF*F2*PM~DTM*405*20260708~N1*PR*CIGNA HEALTH AND LIFE INSURANCE COMPANY~N3*P.O. BOX 182223~N4*CHATTANOOGA*TN*374227223~REF*2U*62308~PER*BL*EDI HELP DESK*TE*8008103388~N1*PE*RENFREW CTR OF FL LLC*XX*1912008137~N3*PO BOX 713700~N4*PHILADELPHIA*PA*191713700~REF*TJ*200995125~LX*1~TS3*1912008137*13*20261231*2*3000~CLP*CX157490X3*1*2250*872.1*96.9*13*7432618892051*13*3~NM1*QC*1*SNOW*MADISON****MI*U0173536704~NM1*IL*1*SNOW*MEGAN****MI*U0173536701~REF*1L*2500070~REF*CE*LOCALPLUS IN~REF*EA*IDX135978X3~DTM*050*20260707~DTM*232*20260630~DTM*233*20260702~PER*CX*MEMBER SERVICES*TE*8002446224~AMT*AU*969~SVC*HC:S9480*750*290.7*0905*1~DTM*150*20260630~DTM*151*20260630~CAS*CO*45*427~CAS*PR*2*32.3~REF*6R*CX157490X67751.001~AMT*B6*323~SVC*HC:S9480*750*290.7*0905*1~DTM*150*20260701~DTM*151*20260701~CAS*CO*45*427~CAS*PR*2*32.3~REF*6R*CX157490X67752.003~AMT*B6*323~SVC*HC:S9480*750*290.7*0905*1~DTM*150*20260702~DTM*151*20260702~CAS*CO*45*427~CAS*PR*2*32.3~REF*6R*CX157490X67753.002~AMT*B6*323~CLP*CX157489X2*1*750*290.7*32.3*13*8432618892960*13*3~NM1*QC*1*LIM*JOELLE*C***MI*U0181077801~REF*1L*2500070~REF*CE*LOCALPLUS IN~REF*EA*IDX135758X3~DTM*050*20260707~DTM*232*20260629~DTM*233*20260629~PER*CX*MEMBER SERVICES*TE*8002446224~AMT*AU*323~SVC*HC:S9480*750*290.7*0905*1~CAS*CO*45*427~CAS*PR*2*32.3~REF*6R*CX157489X67750.001~AMT*B6*323~SE*65*000000001~ST*835*000000002~BPR*I*9266.78*C*ACH*CCP*01*004401195*DA*0000070420*1411648670**01*121000248*DA*4122170038*20260710~TRN*1*260707090061229*1411648670~REF*EV*133052274~REF*F2*PM~DTM*405*20260708~N1*PR*EVERNORTH BEHAVIORAL HEALTH, INC.~N3*P.O. BOX 182223~N4*CHATTANOOGA*TN*374227223~REF*2U*62308~PER*BL*EDI HELP DESK*TE*8008103388~N1*PE*RENFREW CTR OF FL LLC*XX*1912008137~N3*PO BOX 713700~N4*PHILADELPHIA*PA*191713700~REF*TJ*200995125~LX*1~TS3*1912008137*22*20261231*2*27000~CLP*CX157206X2*1*21000*8379**13*7682618298258*11*3~NM1*QC*1*GREENSTEIN*HAILEY*E***MI*U0135419603~NM1*IL*1*GREENSTEIN*JEREMY****MI*U0135419601~REF*1L*3213088~REF*CE*OPEN ACCESS PLUS~REF*EA*IDX136123X5~REF*G1*IP2775730214~REF*BB*002616931920287~DTM*050*20260701~DTM*232*20260622~DTM*233*20260628~PER*CX*MEMBER SERVICES*TE*8002446224~AMT*AU*8379~SVC*NU:1001*3000*1197**1~DTM*150*20260622~DTM*151*20260622~CAS*CO*45*1803~REF*6R*CX157206X67743.002~AMT*B6*1197~SVC*NU:1001*3000*1197**1~DTM*150*20260623~DTM*151*20260623~CAS*CO*45*1803~REF*6R*CX157206X67744.003~AMT*B6*1197~SVC*NU:1001*3000*1197**1~DTM*150*20260624~DTM*151*20260624~CAS*CO*45*1803~REF*6R*CX157206X67745.002~AMT*B6*1197~SVC*NU:1001*3000*1197**1~DTM*150*20260625~DTM*151*20260625~CAS*CO*45*1803~REF*6R*CX157206X67746.002~AMT*B6*1197~SVC*NU:1001*3000*1197**1~DTM*150*20260626~DTM*151*20260626~CAS*CO*45*1803~REF*6R*CX157206X67747.001~AMT*B6*1197~SVC*NU:1001*3000*1197**1~DTM*150*20260627~DTM*151*20260627~CAS*CO*45*1803~REF*6R*CX157206X67748.001~AMT*B6*1197~SVC*NU:1001*3000*1197**1~DTM*150*20260628~DTM*151*20260628~CAS*CO*45*1803~REF*6R*CX157206X67749.001~AMT*B6*1197~CLP*CX157487X1*1*6000*887.78*1660.22*13*7222618891836*13*2~NM1*QC*1*BALASIA*JULIANA****MI*U3489469505~NM1*IL*1*BALASIA*SCOTT****MI*U3489469501~REF*1L*3309764~REF*CE*OPEN ACCESS PLUS~REF*EA*IDX136399X3~DTM*050*20260707~DTM*232*20260629~DTM*233*20260702~PER*CX*MEMBER SERVICES*TE*8002446224~AMT*AU*2548~SVC*HC:H0035*1500*0*0912***1~DTM*150*20260629~DTM*151*20260629~CAS*CO*45*863~CAS*PR*1*637~REF*6R*CX157487X67750.004~AMT*B6*637~SVC*HC:H0035*1500*0*0912***1~DTM*150*20260630~DTM*151*20260630~CAS*CO*45*863~CAS*PR*1*637~REF*6R*CX157487X67751.001~AMT*B6*637~SVC*HC:H0035*1500*378.18*0912*1~DTM*150*20260701~DTM*151*20260701~CAS*CO*45*863~CAS*PR*1*164.27**2*94.55~REF*6R*CX157487X67752.002~AMT*B6*637~SVC*HC:H0035*1500*509.6*0912*1~DTM*150*20260702~DTM*151*20260702~CAS*CO*45*863~CAS*PR*2*127.4~REF*6R*CX157487X67753.004~AMT*B6*637~SE*112*000000002~GE*2*539606360~IEA*1*539606360~