ISA*00*          *00*          *ZZ*CHC            *ZZ*00962249       *260602*0657*^*00501*429210829*0*P*:~GS*HP*CHC*00962249*20260602*06570500*429210829*X*005010X221A1~ST*835*000000001~BPR*H*0*C*NON************20260603~TRN*1*351269650*1341858379~DTM*405*20260601~N1*PR*INDEPENDENCE BLUE CROSS, LLC~N3*1901 MARKET STREET~N4*PHILADELPHIA*PA*19103~REF*2U*SX055~PER*CX*EDI SUPPORT TEAM*FX*4408355656*TE*4408353511~PER*BL*EDI SUPPORT TEAM~N1*PE*THE RENFREW CENTER OF NEW JERSEY LLC*XX*1164514691~N3*PO BOX 713700~N4*PHILADELPHIA*PA*19171~REF*TJ*223704728~LX*1~CLP*CX155375X2*4*4500*0*4500*HM*20260513537234*13*2~NM1*QC*1*MALONEY*LEAH****MI*QB16026771205~REF*CE*3411452~DTM*232*20260506~DTM*233*20260508~DTM*050*20260529~PER*CX**TE*4408353511~SVC*HC:H0035*1500*0*0912*1**0~DTM*472*20260506~CAS*PR*31*1500*1~REF*6R*CX155375X67696.001~SVC*HC:H0035*1500*0*0912*1**0~DTM*472*20260507~CAS*PR*31*1500*1~REF*6R*CX155375X67697.005~LQ*HE*N382~SVC*HC:H0035*1500*0*0912*1**0~DTM*472*20260508~CAS*PR*31*1500*1~REF*6R*CX155375X67698.005~CLP*CX155625X2*4*4500*0*4500*HM*20260520516909*13*3~NM1*QC*1*MALONEY*LEAH****MI*QB16026771205~REF*CE*3411452~DTM*232*20260511~DTM*233*20260514~DTM*050*20260529~PER*CX**TE*4408353511~SVC*HC:H0035*1500*0*0912*1**0~DTM*472*20260511~CAS*PR*31*1500*1~REF*6R*CX155625X67701.002~SVC*HC:H0035*1500*0*0912*1**0~DTM*472*20260512~CAS*PR*31*1500*1~REF*6R*CX155625X67702.003~SVC*HC:H0035*1500*0*0912*1**0~DTM*472*20260514~CAS*PR*31*1500*1~REF*6R*CX155625X67704.004~SE*55*000000001~ST*835*000000002~BPR*I*3595*C*CHK************20260526~TRN*1*403838880*1341858379~DTM*405*20260526~N1*PR*AMERIHEALTH INC~N3*1901 MARKET STREET~N4*PHILADELPHIA*PA*19103~REF*2U*SX055~PER*CX*EDI SUPPORT TEAM*FX*4408355656*TE*4408353511~PER*BL*EDI SUPPORT TEAM~N1*PE*THE RENFREW CENTER OF NEW JERSEY LLC*XX*1164514691~N3*PO BOX 713700~N4*PHILADELPHIA*PA*19171~REF*TJ*223704728~LX*1~CLP*CX154920X1*1*7500*3595**HM*20260506534425*13*3~NM1*QC*1*MCGROARTY*SABRINA****MI*QB16026541905~NM1*IL*1*MCGROARTY*JOSEPH****MI*QB16026541905~REF*CE*3387359~DTM*232*20260427~DTM*233*20260501~DTM*050*20260522~PER*CX**TE*4408353511~AMT*AU*3595~SVC*HC:H0035*1500*719*0912*1**0~DTM*472*20260427~CAS*CO*45*781*1~REF*6R*CX154920X67687.005~AMT*B6*719~SVC*HC:H0035*1500*719*0912*1**0~DTM*472*20260428~CAS*CO*45*781*1~REF*6R*CX154920X67688.002~AMT*B6*719~SVC*HC:H0035*1500*719*0912*1**0~DTM*472*20260429~CAS*CO*45*781*1~REF*6R*CX154920X67689.004~AMT*B6*719~SVC*HC:H0035*1500*719*0912*1**0~DTM*472*20260430~CAS*CO*45*781*1~REF*6R*CX154920X67690.002~AMT*B6*719~SVC*HC:H0035*1500*719*0912*1**0~DTM*472*20260501~CAS*CO*45*781*1~REF*6R*CX154920X67691.001~AMT*B6*719~SE*50*000000002~GE*2*429210829~IEA*1*429210829~