ISA*00*          *00*          *ZZ*CHC            *ZZ*00962249       *260704*0841*^*00501*185606459*0*P*:~GS*HP*CHC*00962249*20260704*08410000*185606459*X*005010X221A1~ST*835*000000001~BPR*I*3262.9*C*ACH*CCP*01*124384877*DA*1470858534*1411289245*000087726*01*121000248*DA*4122170038*20260708~TRN*1*W364468798*1411289245*000087726~REF*EV*B00099999800~REF*F2*1083~DTM*405*20260703~N1*PR*UNITED HEALTHCARE INSURANCE COMPANY~N3*9900 BREN ROAD~N4*MINNETONKA*MN*553439664~REF*2U*87726~PER*CX*ATLANTA SERVICE CENTER*TE*8778423210~PER*BL*UNKNOWN*UR*WWW.UNITEDHEALTHCAREONLINE.COM/B2C/CONTACTUS.DO~N1*PE*THE RENFREW CENTER OF NEW JERSEY LLC*XX*1164514691~N3*PO BOX 823700~N4*PHILADELPHIA*PA*19182~REF*TJ*223704728~LX*1~TS3*1164514691*13*20261231*2*12000~CLP*CX156490X1*1*6000*1480.5*747.5*13*FU91800116 0016468136*13*2~NM1*QC*1*TEO*CATHERINE~NM1*IL*1*TEO*STEVE****MI*980614867~REF*EA*IDX136244X3~REF*CE*CHOYC+~REF*BB*QM32MU01~REF*G1*QM32MU-01~REF*1L*927534~DTM*232*20260602~DTM*233*20260605~DTM*050*20260610~AMT*AU*6000~SVC*HC:H0035*1500*370.11*0912*1~DTM*150*20260602~DTM*151*20260605~CAS*PR*1*94.35**2*92.54~CAS*CO*45*943~REF*6R*CX156490X67723.002~AMT*B6*557~SVC*HC:H0035*1500*370.13*0912*1~DTM*150*20260602~DTM*151*20260605~CAS*CO*45*943~CAS*PR*1*94.34**2*92.53~REF*6R*CX156490X67724.002~AMT*B6*557~SVC*HC:H0035*1500*370.13*0912*1~DTM*150*20260602~DTM*151*20260605~CAS*PR*1*94.34**2*92.53~CAS*CO*45*943~REF*6R*CX156490X67725.003~AMT*B6*557~SVC*HC:H0035*1500*370.13*0912*1~DTM*150*20260602~DTM*151*20260605~CAS*CO*45*943~CAS*PR*1*94.34**2*92.53~REF*6R*CX156490X67726.003~AMT*B6*557~CLP*CX156730X1*1*6000*1782.4*445.6*13*FV21315208 0016476208*13*3~NM1*QC*1*TEO*CATHERINE~NM1*IL*1*TEO*STEVE****MI*980614867~REF*1L*927534~REF*CE*CHOYC+~REF*EA*IDX136244X3~REF*BB*QM32MU01~REF*G1*QM32MU-01~DTM*232*20260608~DTM*233*20260612~DTM*050*20260618~AMT*AU*6000~SVC*HC:H0035*1500*445.6*0912*1~DTM*150*20260608~DTM*151*20260612~CAS*CO*45*943~CAS*PR*2*111.4~REF*6R*CX156730X67729.003~AMT*B6*557~SVC*HC:H0035*1500*445.6*0912*1~DTM*150*20260608~DTM*151*20260612~CAS*PR*2*111.4~CAS*CO*45*943~REF*6R*CX156730X67730.001~AMT*B6*557~SVC*HC:H0035*1500*445.6*0912*1~DTM*150*20260608~DTM*151*20260612~CAS*PR*2*111.4~CAS*CO*45*943~REF*6R*CX156730X67731.002~AMT*B6*557~SVC*HC:H0035*1500*445.6*0912*1~DTM*150*20260608~DTM*151*20260612~CAS*PR*2*111.4~CAS*CO*45*943~REF*6R*CX156730X67733.002~AMT*B6*557~SE*99*000000001~GE*1*185606459~IEA*1*185606459~