ISA*00*          *00*          *ZZ*CHC            *ZZ*00962249       *260706*0615*^*00501*356004683*0*P*:~GS*HP*CHC*00962249*20260706*06151400*356004683*X*005010X221A1~ST*835*000000001~BPR*I*2855*C*ACH*CCP*01*011900445*DA*0000009046*1066033492**01*121000248*DA*4122170038*20260709~TRN*1*826187000119381*1066033492~REF*EV*133052274~DTM*405*20260706~N1*PR*AETNA~N3*151 FARMINGTON AVENUE~N4*HARTFORD*CT*06156~REF*2U*60054~PER*BL*PROVIDER SERVICE~N1*PE*THE RENFREW CENTER OF GEORGIA, LLC*XX*1225373145~N3*PO BOX 713700~N4*PHILADELPHIA*PA*191713700~REF*PQ*774305720~REF*TJ*461429049~LX*1~TS3*1225373145*22*20261231*1*7500~CLP*CX157391X1*1*7500*2855**13*EQADXQ3QY0000*13*4~NM1*QC*1*WISE*HANNA****MI*W278883664~REF*G1*075035802~REF*1L*0476537-017-00001- H~REF*CE*AETNA CHOICE  POS II NET 00393~DTM*232*20260622~DTM*233*20260626~DTM*050*20260630~PER*CX**TE*8886323862~AMT*AU*7500~SVC*HC:H0035:95*1500*571*0912*1~DTM*472*20260622~CAS*CO*45*929~REF*6R*CX157391X67743.001~AMT*B6*571~SVC*HC:H0035:95*1500*571*0912*1~DTM*472*20260623~CAS*CO*45*929~REF*6R*CX157391X67744.001~AMT*B6*571~SVC*HC:H0035:95*1500*571*0912*1~DTM*472*20260624~CAS*CO*45*929~REF*6R*CX157391X67745.002~AMT*B6*571~SVC*HC:H0035:95*1500*571*0912*1~DTM*472*20260625~CAS*CO*45*929~REF*6R*CX157391X67746.002~AMT*B6*571~SVC*HC:H0035:95*1500*571*0912*1~DTM*472*20260626~CAS*CO*45*929~REF*6R*CX157391X67747.004~AMT*B6*571~SE*53*000000001~GE*1*356004683~IEA*1*356004683~