ISA*00*          *00*          *ZZ*CHC            *ZZ*00962249       *260605*0902*^*00501*686007281*0*P*:~GS*HP*CHC*00962249*20260605*09025100*686007281*X*005010X221A1~ST*835*000000001~BPR*I*658*C*CHK************20260604~TRN*1*767984984*1591031071~REF*EV*133052274~REF*F2*GWFC~DTM*405*20260604~N1*PR*GREATWESTHEALTHCARE-CIGNA~N3*8505 E. ORCHARD RD~N4*GREENWOOD VILLAGE*CO*80111~REF*2U*62308~PER*CX*GWHC EDIPROD*EM*EDIESCALATEDREQUESTS@CIGNA.COM*TE*8008103388~PER*BL*EDI HELP DESK*TE*8008103388~N1*PE*RENFREW CENTER OF TENNESSEE*XX*1083812762~N3*PO BOX 713700~N4*PHILADELPHIA*PA*191713700~REF*PQ*200005916476~REF*TJ*205497459~LX*1~TS3*1083812762*13*20261231*1*1500~CLP*CX156162X1*1*1500*658**14*262034952000*13*3~NM1*QC*1*WILLIAMSON*TRUE****MI*10329420203~NM1*IL*1*WILLIAMSON*JOHN****MI*10329420200~REF*1L*00884700~REF*CE*EPO CONNECT~REF*EA*IDX135147X4~REF*G1*NO AUTH REQUIRED~DTM*050*20260603~DTM*232*20260526~DTM*233*20260527~AMT*AU*658~SVC*HC:S9480*750*329*0905*1~DTM*150*20260526~DTM*151*20260526~CAS*CO*45*421~REF*APC*0~REF*6R*CX156162X67716.003~AMT*B6*329~SVC*HC:S9480*750*329*0905*1~DTM*150*20260527~DTM*151*20260527~CAS*CO*45*421~REF*APC*0~REF*6R*CX156162X67717.001~AMT*B6*329~SE*45*000000001~GE*1*686007281~IEA*1*686007281~