ISA*00*          *00*          *ZZ*CHC            *ZZ*00962249       *260610*1445*^*00501*189406676*0*P*:~GS*HP*CHC*00962249*20260610*14451900*189406676*X*005010X221A1~ST*835*000000001~BPR*I*98368.56*C*ACH*CCP*01*043301627*DA*1069954659C*1341858379**01*121000248*DA*4122170038*20260612~TRN*1*1249622901*1341858379~DTM*405*20260610~N1*PR*INDEPENDENCE BLUE CROSS, LLC~N3*1901 MARKET STREET~N4*PHILADELPHIA*PA*19103~REF*2U*SX055~PER*CX*EDI SUPPORT TEAM*FX*4408355656*TE*4408353511~PER*BL*EDI SUPPORT TEAM~N1*PE*PA THE RENFREW CENTERS*XX*1417971904~N3*PO BOX 823700~N4*PHILADELPHIA*PA*19182~REF*TJ*200994813~LX*1~CLP*CX153614X5*1*114000*52498*1500*ZZ*2026097037933*11*1~NM1*QC*1*GAMBURG*KATELYN*R***MI*2500861100~NM1*IL*1*GAMBURG*MICHELE*M***MI*2500861100~REF*CE*901912057~DTM*232*20260224~DTM*233*20260402~DTM*050*20260604~PER*CX**TE*4408353511~AMT*AU*53998~SVC*NU:1001*114000*52498**38**0~DTM*150*20260224~DTM*151*20260402~CAS*CO*45*60002*1~CAS*PR*3*1500*1~REF*6R*CX153614X67625.003~AMT*B6*53998~CLP*CX154315X2*1*87000*40400.56*808.44*ZZ*2026112050405*11*1~NM1*QC*1*GROVE*VERONICA****MI*2504026800~NM1*IL*1*GROVE*FRANS****MI*2504026800~REF*CE*901916918~DTM*232*20260317~DTM*233*20260414~DTM*050*20260604~PER*CX**TE*4408353511~AMT*AU*41209~SVC*NU:1001*87000*40400.56**29**0~DTM*150*20260317~DTM*151*20260414~CAS*CO*45*45791*1~CAS*PR*2*808.44*1~REF*6R*CX154315X67646.003~AMT*B6*41209~CLP*CX155990X4*1*6000*2876**ZZ*2026154049990*13*3~NM1*QC*1*GROVE*VERONICA****MI*2504026800~NM1*IL*1*GROVE*FRANS****MI*2504026800~REF*CE*901916918~DTM*232*20260526~DTM*233*20260529~DTM*050*20260604~PER*CX**TE*4408353511~AMT*AU*2876~SVC*NU:0912*1500*719**1**0~DTM*472*20260526~CAS*CO*45*781*1~REF*6R*CX155990X67716.002~AMT*B6*719~SVC*NU:0912*1500*719**1**0~DTM*472*20260527~CAS*CO*45*781*1~REF*6R*CX155990X67717.001~AMT*B6*719~SVC*NU:0912*1500*719**1**0~DTM*472*20260528~CAS*CO*45*781*1~REF*6R*CX155990X67718.001~AMT*B6*719~SVC*NU:0912*1500*719**1**0~DTM*472*20260529~CAS*CO*45*781*1~REF*6R*CX155990X67719.001~AMT*B6*719~CLP*CX156010X1*1*1500*694*90*ZZ*2026154049994*13*3~NM1*QC*1*SMITH*AMANDA****MI*2505364700~NM1*IL*1*SMITH*DANA*K.***MI*2505364700~REF*CE*901914441~DTM*232*20260526~DTM*233*20260527~DTM*050*20260604~PER*CX**TE*4408353511~AMT*AU*784~SVC*NU:0905*750*347**1**0~DTM*472*20260526~CAS*CO*45*358*1~CAS*PR*3*45*1~REF*6R*CX156010X67716.002~AMT*B6*392~SVC*NU:0905*750*347**1**0~DTM*472*20260527~CAS*CO*45*358*1~CAS*PR*3*45*1~REF*6R*CX156010X67717.003~AMT*B6*392~CLP*CX155996X2*1*1500*724*60*ZZ*2026154049996*13*3~NM1*QC*1*MARTIN*KATHRYN****MI*2529903800~NM1*IL*1*MARTIN*MARIE****MI*2529903800~REF*CE*901907242~DTM*232*20260526~DTM*233*20260528~DTM*050*20260604~PER*CX**TE*4408353511~AMT*AU*784~SVC*NU:0905*750*362**1**0~DTM*472*20260526~CAS*CO*45*358*1~CAS*PR*3*30*1~REF*6R*CX155996X67716.001~AMT*B6*392~SVC*NU:0905*750*362**1**0~DTM*472*20260528~CAS*CO*45*358*1~CAS*PR*3*30*1~REF*6R*CX155996X67718.001~AMT*B6*392~CLP*CX155995X1*1*2250*1176**ZZ*2026154050004*13*4~NM1*QC*1*HENRY*MADELINE****MI*2502385200~NM1*IL*1*HENRY*ANDREW*P***MI*2502385200~REF*CE*901929563~DTM*232*20260526~DTM*233*20260528~DTM*050*20260604~PER*CX**TE*4408353511~AMT*AU*1176~SVC*NU:0905*750*392**1**0~DTM*472*20260526~CAS*CO*45*358*1~REF*6R*CX155995X67716.001~AMT*B6*392~SVC*NU:0905*750*392**1**0~DTM*472*20260527~CAS*CO*45*358*1~REF*6R*CX155995X67717.001~AMT*B6*392~SVC*NU:0905*750*392**1**0~DTM*472*20260528~CAS*CO*45*358*1~REF*6R*CX155995X67718.001~AMT*B6*392~SE*143*000000001~GE*1*189406676~IEA*1*189406676~