ISA*00*          *00*          *ZZ*CHC            *ZZ*00962249       *260615*0811*^*00501*541006948*0*P*:~GS*HP*CHC*00962249*20260615*08114200*541006948*X*005010X221A1~ST*835*000000001~BPR*I*3686*C*ACH*CCP*01*042100272*DA*7480795058*1591031071**01*121000248*DA*4122170038*20260615~TRN*1*603300874539*1591031071~REF*EV*133052274~REF*F2*GWFC~DTM*405*20260611~N1*PR*GREATWESTHEALTHCARE-CIGNA~N3*8505 E. ORCHARD RD~N4*GREENWOOD VILLAGE*CO*80111~REF*2U*62308~PER*CX*GWHC EDIPROD*EM*EDIESCALATEDREQUESTS@CIGNA.COM*TE*8008103388~PER*BL*EDI HELP DESK*TE*8008103388~N1*PE*RENFREW CENTER OF FLORIDA LLC*XX*1912008137~N3*PO BOX 713700~N4*PHILADELPHIA*PA*191713700~REF*TJ*200995125~LX*1~TS3*1912008137*22*20261231*3*9000~CLP*CX156460X2*1*2250*969**13*262129325200*13*2~NM1*QC*1*MANZ*ROBIN****MI*11245485300~REF*1L*00660378~REF*CE*OPEN ACCESS PLUS~REF*EA*IDX135734X4~REF*G1*NO AUTHORIZATION REQUIRED~DTM*050*20260610~DTM*232*20260601~DTM*233*20260605~AMT*AU*969~SVC*HC:S9480*750*323*0905*1~DTM*150*20260601~DTM*151*20260601~CAS*CO*45*427~REF*APC*0~REF*6R*CX156460X67722.003~AMT*B6*323~SVC*HC:S9480*750*323*0905*1~DTM*150*20260603~DTM*151*20260603~CAS*CO*45*427~REF*APC*0~REF*6R*CX156460X67724.003~AMT*B6*323~SVC*HC:S9480*750*323*0905*1~DTM*150*20260605~DTM*151*20260605~CAS*CO*45*427~REF*APC*0~REF*6R*CX156460X67726.002~AMT*B6*323~CLP*CX156459X1*1*750*323**13*262129490100*13*3~NM1*QC*1*MCCLEAN*HALLIE****MI*11109053801~NM1*IL*1*MCCLEAN*KRISTINA*C***MI*11109053800~REF*1L*00657494~REF*CE*OPEN ACCESS PLUS~REF*EA*IDX135370X4~DTM*050*20260610~DTM*232*20260603~DTM*233*20260603~AMT*AU*323~SVC*HC:S9480*750*323*0905*1~CAS*CO*45*427~REF*APC*0~REF*6R*CX156459X67724.002~AMT*B6*323~CLP*CX156448X1*1*6000*2394**14*262129441500*11*4~NM1*QC*1*JAKOB*RUBY****MI*10787805402~NM1*IL*1*JAKOB*RUBY*C***MI*10787805400~REF*1L*00881200~REF*CE*EPO CONNECT~REF*EA*IDX136205X3~REF*G1*IP-2751912135~DTM*050*20260610~DTM*232*20260601~DTM*233*20260602~AMT*AU*2394~QTY*CA*2~SVC*NU:1001*3000*1197**1~DTM*150*20260601~DTM*151*20260601~CAS*CO*45*1803~REF*APC*0~REF*6R*CX156448X67722.003~AMT*B6*1197~SVC*NU:1001*3000*1197**1~DTM*150*20260602~DTM*151*20260602~CAS*CO*45*1803~REF*APC*0~REF*6R*CX156448X67723.005~AMT*B6*1197~SE*91*000000001~GE*1*541006948~IEA*1*541006948~