ISA*00*          *00*          *ZZ*CHC            *ZZ*00962249       *260615*0638*^*00501*537403980*0*P*:~GS*HP*CHC*00962249*20260615*06381800*537403980*X*005010X221A1~ST*835*000000001~BPR*I*9554*C*ACH*CCP*01*031100225*DA*2079950064280/*1220999690*999999999*01*121000248*DA*4122170038*20260613~TRN*1*0031531194*1220999690*8352026061416331619~REF*EV*1164514691~DTM*405*20260613~N1*PR*HORIZON BCBSNJ~N3*P O  BOX 420~N4*NEWARK*NJ*071010420~REF*2U*22099~PER*BL*HORIZON BCBSNJ*EM*HORIZONEDI@HORIZONBLUE.COM*TE*8883349242~N1*PE*THE RENFREW CENTER OF NEW JERS*XX*1164514691~N3*PO BOX 713700~N4*PHILADELPHIA*PA*191713700~REF*PQ*001368~REF*TJ*223704728~LX*1~CLP*CX156474X2*1*1500*636**12*780202616115162   00*13*4~NM1*QC*1*BUSSEY*OLIVIA****MI*C2W3HZN76542830~NM1*IL*1*BEHRENS*DANIELLE****MI*C2W3HZN76542830~NM1*74*1******C*C2W3HZN765428300~NM1*82*2*ASHLEY  HOADLEY*****XX*1821357682~DTM*232*20260601~DTM*233*20260603~DTM*050*20260609~AMT*AU*636~AMT*T2*636~SVC*HC:S9480*750*318*0905*1~DTM*472*20260601~CAS*CO*45*432~REF*6R*CX156474X67722.003~REF*APC*00000~AMT*B6*318~SVC*HC:S9480*750*318*0905*1~DTM*472*20260603~CAS*CO*45*432~REF*6R*CX156474X67724.002~REF*APC*00000~AMT*B6*318~CLP*CX155599X4*1*7500*3185**13*780202614022177   00*13*3~NM1*QC*1*BAUMANN*THERESA****MI*YHQ3HZN61712490~NM1*IL*1*BAUMANN*MATHIEU****MI*YHQ3HZN61712490~NM1*74*1******C*YHQ3HZN617124900~NM1*82*2*ASHLEY  HOADLEY*****XX*1821357682~DTM*232*20260511~DTM*233*20260515~DTM*050*20260520~PER*CX*HORIZON BLUE CROSS BLUE SHIELD OF NEW JERSEY DIRECT ACCESS*TE*8886662535~AMT*AU*3185~AMT*T2*3185~SVC*HC:H0035*1500*637*0912*1~DTM*472*20260511~CAS*CO*45*863~REF*6R*CX155599X67701.002~REF*APC*00000~AMT*B6*637~SVC*HC:H0035*1500*637*0912*1~DTM*472*20260512~CAS*CO*45*863~REF*6R*CX155599X67702.003~REF*APC*00000~AMT*B6*637~SVC*HC:H0035*1500*637*0912*1~DTM*472*20260513~CAS*CO*45*863~REF*6R*CX155599X67703.003~REF*APC*00000~AMT*B6*637~SVC*HC:H0035*1500*637*0912*1~DTM*472*20260514~CAS*CO*45*863~REF*6R*CX155599X67704.004~REF*APC*00000~AMT*B6*637~SVC*HC:H0035*1500*637*0912*1~DTM*472*20260515~CAS*CO*45*863~REF*6R*CX155599X67705.005~REF*APC*00000~AMT*B6*637~CLP*CX156472X4*1*6000*2548**13*780202616115606   00*13*3~NM1*QC*1*BAUMANN*THERESA****MI*YHQ3HZN61712490~NM1*IL*1*BAUMANN*MATHIEU****MI*YHQ3HZN61712490~NM1*74*1******C*YHQ3HZN617124900~NM1*82*2*ASHLEY  HOADLEY*****XX*1821357682~DTM*232*20260601~DTM*233*20260604~DTM*050*20260609~PER*CX*HORIZON BLUE CROSS BLUE SHIELD OF NEW JERSEY DIRECT ACCESS*TE*8886662535~AMT*AU*2548~AMT*T2*2548~SVC*HC:H0035*1500*637*0912*1~DTM*472*20260601~CAS*CO*45*863~REF*6R*CX156472X67722.004~REF*APC*00000~AMT*B6*637~SVC*HC:H0035*1500*637*0912*1~DTM*472*20260602~CAS*CO*45*863~REF*6R*CX156472X67723.001~REF*APC*00000~AMT*B6*637~SVC*HC:H0035*1500*637*0912*1~DTM*472*20260603~CAS*CO*45*863~REF*6R*CX156472X67724.003~REF*APC*00000~AMT*B6*637~SVC*HC:H0035*1500*637*0912*1~DTM*472*20260604~CAS*CO*45*863~REF*6R*CX156472X67725.006~REF*APC*00000~AMT*B6*637~CLP*CX156480X6*1*7500*3185**12*780202616115572   00*13*3~NM1*QC*1*ELAHRACHE*ELAPH****MI*HMZ429W08444~NM1*IL*1*ELAHRACHE*MOD****MI*HMZ429W08444~NM1*82*2*ASHLEY  HOADLEY*****XX*1821357682~DTM*232*20260601~DTM*233*20260605~DTM*050*20260609~PER*CX*HORIZON BLUE CROSS BLUE SHIELD OF NEW JERSEY DIRECT ACCESS*TE*8886662535~AMT*AU*3185~AMT*T2*3185~SVC*HC:H0035*1500*637*0912*1~DTM*472*20260601~CAS*CO*45*863~REF*6R*CX156480X67722.002~REF*APC*00000~AMT*B6*637~SVC*HC:H0035*1500*637*0912*1~DTM*472*20260602~CAS*CO*45*863~REF*6R*CX156480X67723.003~REF*APC*00000~AMT*B6*637~SVC*HC:H0035*1500*637*0912*1~DTM*472*20260603~CAS*CO*45*863~REF*6R*CX156480X67724.002~REF*APC*00000~AMT*B6*637~SVC*HC:H0035*1500*637*0912*1~DTM*472*20260604~CAS*CO*45*863~REF*6R*CX156480X67725.001~REF*APC*00000~AMT*B6*637~SVC*HC:H0035*1500*637*0912*1~DTM*472*20260605~CAS*CO*45*863~REF*6R*CX156480X67726.002~REF*APC*00000~AMT*B6*637~SE*155*000000001~ST*835*000000002~BPR*I*9234*C*ACH*CCP*01*031100225*DA*4058564014/*1220999690*999999999*01*121000248*DA*4122170038*20260613~TRN*1*0077286134*1220999690*8352026061416331618~REF*EV*1164514691~DTM*405*20260613~N1*PR*HORIZON BCBSNJ~N3*P O  BOX 420~N4*NEWARK*NJ*071010420~REF*2U*22099~PER*BL*HORIZON BCBSNJ*EM*HORIZONEDI@HORIZONBLUE.COM*TE*8883349242~N1*PE*THE RENFREW CENTER OF NEW JERS*XX*1164514691~N3*PO BOX 713700~N4*PHILADELPHIA*PA*191713700~REF*PQ*001368~REF*TJ*223704728~LX*1~CLP*CX156469X1*1*7500*3185**13*780202616115439   00*13*3~NM1*QC*1*RAVEN*ANASTASIA****MI*NJX3HZN17420950~NM1*IL*1*MCCOY*LISA****MI*NJX3HZN17420950~NM1*74*1******C*NJX3HZN174209500~NM1*82*2*ASHLEY  HOADLEY*****XX*1821357682~DTM*232*20260601~DTM*233*20260605~DTM*050*20260609~PER*CX*NJ DIRECT*TE*8886662535~AMT*AU*3185~AMT*T2*3185~SVC*HC:H0035*1500*637*0912*1~DTM*472*20260601~CAS*CO*45*863~REF*6R*CX156469X67722.005~REF*APC*00000~AMT*B6*637~SVC*HC:H0035*1500*637*0912*1~DTM*472*20260602~CAS*CO*45*863~REF*6R*CX156469X67723.001~REF*APC*00000~AMT*B6*637~SVC*HC:H0035*1500*637*0912*1~DTM*472*20260603~CAS*CO*45*863~REF*6R*CX156469X67724.003~REF*APC*00000~AMT*B6*637~SVC*HC:H0035*1500*637*0912*1~DTM*472*20260604~CAS*CO*45*863~REF*6R*CX156469X67725.004~REF*APC*00000~AMT*B6*637~SVC*HC:H0035*1500*637*0912*1~DTM*472*20260605~CAS*CO*45*863~REF*6R*CX156469X67726.001~REF*APC*00000~AMT*B6*637~CLP*CX156477X3*1*7500*3185**13*780202616115600   00*13*3~NM1*QC*1*DEMCZUK*OLIVIA****MI*NJX3HZN97411020~NM1*IL*1*DEMCZUK*MELISSA****MI*NJX3HZN97411020~NM1*74*1******C*NJX3HZN974110200~NM1*82*2*ASHLEY  HOADLEY*****XX*1821357682~DTM*232*20260601~DTM*233*20260605~DTM*050*20260609~PER*CX*NATIONAL ACCOUNTS PPO*TE*8006244758~AMT*AU*3185~AMT*T2*3185~SVC*HC:H0035*1500*637*0912*1~DTM*472*20260601~CAS*CO*45*863~REF*6R*CX156477X67722.001~REF*APC*00000~AMT*B6*637~SVC*HC:H0035*1500*637*0912*1~DTM*472*20260602~CAS*CO*45*863~REF*6R*CX156477X67723.001~REF*APC*00000~AMT*B6*637~SVC*HC:H0035*1500*637*0912*1~DTM*472*20260603~CAS*CO*45*863~REF*6R*CX156477X67724.001~REF*APC*00000~AMT*B6*637~SVC*HC:H0035*1500*637*0912*1~DTM*472*20260604~CAS*CO*45*863~REF*6R*CX156477X67725.002~REF*APC*00000~AMT*B6*637~SVC*HC:H0035*1500*637*0912*1~DTM*472*20260605~CAS*CO*45*863~REF*6R*CX156477X67726.002~REF*APC*00000~AMT*B6*637~CLP*CX156473X1*1*1500*636**13*780202616115412   00*13*3~NM1*QC*1*FEINSTEIN*HEATHER****MI*NJX3HZN25531220~NM1*IL*1*FEINSTEIN*LAUREN****MI*NJX3HZN25531220~NM1*74*1******C*NJX3HZN255312200~NM1*82*2*ASHLEY  HOADLEY*****XX*1821357682~DTM*232*20260601~DTM*233*20260603~DTM*050*20260609~PER*CX*NATIONAL ACCOUNTS PPO*TE*8006244758~AMT*AU*636~AMT*T2*636~SVC*HC:S9480*750*318*0905*1~DTM*472*20260601~CAS*CO*45*432~REF*6R*CX156473X67722.003~REF*APC*00000~AMT*B6*318~SVC*HC:S9480*750*318*0905*1~DTM*472*20260603~CAS*CO*45*432~REF*6R*CX156473X67724.002~REF*APC*00000~AMT*B6*318~CLP*CX155605X3*1*3000*1274**13*780202614022879   00*13*2~NM1*QC*1*OREJUELA*EMILY****MI*NJX3HZN83777410~NM1*IL*1*OREJUELA*LINA****MI*NJX3HZN83777410~NM1*74*1******C*NJX3HZN837774100~NM1*82*2*ASHLEY  HOADLEY*****XX*1821357682~DTM*232*20260514~DTM*233*20260515~DTM*050*20260520~PER*CX*NATIONAL ACCOUNTS PPO*TE*8006244758~AMT*AU*1274~AMT*T2*1274~SVC*HC:H0035*1500*637*0912*1~DTM*472*20260514~CAS*CO*45*863~REF*6R*CX155605X67704.002~REF*APC*00000~AMT*B6*637~SVC*HC:H0035*1500*637*0912*1~DTM*472*20260515~CAS*CO*45*863~REF*6R*CX155605X67705.002~REF*APC*00000~AMT*B6*637~CLP*CX156481X1*1*2250*954**13*780202616115403   00*13*3~NM1*QC*1*SIMON*KATELYN****MI*NJX3HZN64715860~NM1*IL*1*SHELLY-SIMON*KATHLEEN****MI*NJX3HZN64715860~NM1*74*1*SHELLEY SIMON*****C*NJX3HZN647158600~NM1*82*2*ASHLEY  HOADLEY*****XX*1821357682~DTM*232*20260601~DTM*233*20260604~DTM*050*20260609~PER*CX*NATIONAL ACCOUNTS PPO*TE*8006244758~AMT*AU*954~AMT*T2*954~SVC*HC:S9480*750*318*0905*1~DTM*472*20260601~CAS*CO*45*432~REF*6R*CX156481X67722.001~REF*APC*00000~AMT*B6*318~SVC*HC:S9480*750*318*0905*1~DTM*472*20260603~CAS*CO*45*432~REF*6R*CX156481X67724.003~REF*APC*00000~AMT*B6*318~SVC*HC:S9480*750*318*0905*1~DTM*472*20260604~CAS*CO*45*432~REF*6R*CX156481X67725.001~REF*APC*00000~AMT*B6*318~SE*174*000000002~GE*2*537403980~IEA*1*537403980~