ISA*00*          *00*          *ZZ*CHC            *ZZ*00962249       *260713*1316*^*00501*910006335*0*P*:~GS*HP*CHC*00962249*20260713*13164300*910006335*X*005010X221A1~ST*835*000000001~BPR*I*1368*C*ACH*CCP*01*043301627*DA*1069954659C*1341858379**01*121000248*DA*4122170038*20260715~TRN*1*1254658114*1341858379~DTM*405*20260713~N1*PR*INDEPENDENCE BLUE CROSS, LLC~N3*1901 MARKET STREET~N4*PHILADELPHIA*PA*19103~REF*2U*SX055~PER*CX*EDI SUPPORT TEAM*FX*4408355656*TE*4408353511~PER*BL*EDI SUPPORT TEAM~N1*PE*PA THE RENFREW CENTERS*XX*1417971904~N3*PO BOX 823700~N4*PHILADELPHIA*PA*19182~REF*TJ*200994813~LX*1~CLP*CX157444X1*1*3000*1368*70*12*260707286168*13*2~NM1*QC*1*COATES*JAZMINE****MI*R61636538~NM1*IL*1*DANIEL*GREGORY*L***MI*R61636538~REF*CE*100027333~DTM*232*20260704~DTM*233*20260705~DTM*050*20260713~PER*CX**TE*4408353511~AMT*AU*1438~SVC*NU:0912*1500*684**1**0~DTM*472*20260704~CAS*CO*45*781*1~CAS*PR*3*35*1~REF*6R*CX157444X67755.002~AMT*B6*719~SVC*NU:0912*1500*684**1**0~DTM*472*20260705~CAS*CO*45*781*1~CAS*PR*3*35*1~REF*6R*CX157444X67756.002~AMT*B6*719~CLP*CX157401X1*4*57000*0*57000*12*260707286169*86*1~NM1*QC*1*COATES*JAZMINE****MI*R61636538~NM1*IL*1*DANIEL*GREGORY*L***MI*R61636538~REF*CE*100027333~DTM*232*20260615~DTM*233*20260704~DTM*050*20260713~PER*CX**TE*4408353511~SVC*NU:1001*57000*0**19**0~DTM*150*20260615~DTM*151*20260704~CAS*PR*22*57000*1~REF*6R*CX157401X67736.004~LQ*HE*N245~SE*51*000000001~ST*835*000000002~BPR*I*126804*C*ACH*CCP*01*043301627*DA*1069954659C*1341858379**01*121000248*DA*4122170038*20260715~TRN*1*1254648628*1341858379~DTM*405*20260713~N1*PR*INDEPENDENCE BLUE CROSS, LLC~N3*1901 MARKET STREET~N4*PHILADELPHIA*PA*19103~REF*2U*SX055~PER*CX*EDI SUPPORT TEAM*FX*4408355656*TE*4408353511~PER*BL*EDI SUPPORT TEAM~N1*PE*PA THE RENFREW CENTERS*XX*1417971904~N3*PO BOX 823700~N4*PHILADELPHIA*PA*19182~REF*TJ*200994813~LX*1~CLP*CX154128X1*22*-2250*0**HM*20260414515150*13*7~NM1*QC*1*ALAMEREW*HELINA****MI*K2P3HZN32209030~REF*CE*3597608~DTM*232*20260406~DTM*233*20260410~DTM*050*20260710~PER*CX**TE*4408353511~SVC*HC:S9480*-750*0*0905*1**0~DTM*472*20260406~CAS*OA*94*-750*1~REF*6R*CX154128X67666.002~LQ*HE*N50~SVC*HC:S9480*-750*0*0905*1**0~DTM*472*20260408~CAS*OA*94*-750*1~REF*6R*CX154128X67668.001~LQ*HE*N50~SVC*HC:S9480*-750*0*0905*1**0~DTM*472*20260410~CAS*OA*94*-750*1~REF*6R*CX154128X67670.003~LQ*HE*N50~CLP*CX154128X1*1*2250*1176**HM*20260414515150*13*7~NM1*QC*1*ALAMEREW*HELINA****MI*K2P3HZN32209030~REF*CE*3597608~DTM*232*20260406~DTM*233*20260410~DTM*050*20260710~PER*CX**TE*4408353511~AMT*AU*1176~SVC*HC:S9480*750*392*0905*1**0~DTM*472*20260406~CAS*CO*45*358*1~REF*6R*CX154128X67666.002~AMT*B6*392~SVC*HC:S9480*750*392*0905*1**0~DTM*472*20260408~CAS*CO*45*358*1~REF*6R*CX154128X67668.001~AMT*B6*392~SVC*HC:S9480*750*392*0905*1**0~DTM*472*20260410~CAS*CO*45*358*1~REF*6R*CX154128X67670.003~AMT*B6*392~CLP*CX153612X3*1*138000*0**HM*20260608507704*11*7~NM1*QC*1*GOLDBERG*RACHEL****MI*QXH927320532~REF*CE*3597608~DTM*232*20260218~DTM*233*20260404~DTM*050*20260710~PER*CX**TE*4408353511~SVC*NU:1001*138000*0**46**0~DTM*150*20260218~DTM*151*20260404~CAS*CO*45*138000*1~REF*6R*CX153612X67619.004~CLP*CX156664X1*1*7500*3595**HM*20260617536689*13*4~NM1*QC*1*BURTON*SHARAYNE****MI*YKQ3HZN10160420~REF*CE*3597608~DTM*232*20260608~DTM*233*20260612~DTM*050*20260710~PER*CX**TE*4408353511~AMT*AU*3595~SVC*HC:H0035*1500*719*0912*1**0~DTM*472*20260608~CAS*CO*45*781*1~REF*6R*CX156664X67729.003~AMT*B6*719~SVC*HC:H0035*1500*719*0912*1**0~DTM*472*20260609~CAS*CO*45*781*1~REF*6R*CX156664X67730.005~AMT*B6*719~SVC*HC:H0035*1500*719*0912*1**0~DTM*472*20260610~CAS*CO*45*781*1~REF*6R*CX156664X67731.005~AMT*B6*719~SVC*HC:H0035*1500*719*0912*1**0~DTM*472*20260611~CAS*CO*45*781*1~REF*6R*CX156664X67732.004~AMT*B6*719~SVC*HC:H0035*1500*719*0912*1**0~DTM*472*20260612~CAS*CO*45*781*1~REF*6R*CX156664X67733.003~AMT*B6*719~CLP*CX156898X1*4*2250*0**HM*20260624508784*13*4~NM1*QC*1*HOTTEL*SOPHIA****MI*XZJ6108754700~REF*CE*3597608~DTM*232*20260616~DTM*233*20260618~DTM*050*20260710~PER*CX**TE*4408353511~SVC*HC:S9480*750*0*0905*1**0~DTM*472*20260616~CAS*CO*16*750*1~REF*6R*CX156898X67737.002~LQ*HE*N50~SVC*HC:S9480*750*0*0905*1**0~DTM*472*20260617~CAS*CO*16*750*1~REF*6R*CX156898X67738.003~LQ*HE*N521~SVC*HC:S9480*750*0*0905*1**0~DTM*472*20260618~CAS*CO*16*750*1~REF*6R*CX156898X67739.003~LQ*HE*N50~CLP*CX156907X2*1*3000*1568**HM*20260624509007*13*3~NM1*QC*1*FOOSE*BRITTANY****MI*QBU8173152500~REF*CE*3597608~DTM*232*20260615~DTM*233*20260618~DTM*050*20260710~PER*CX**TE*4408353511~AMT*AU*1568~SVC*HC:S9480*750*392*0905*1**0~DTM*472*20260615~CAS*CO*45*358*1~REF*6R*CX156907X67736.001~AMT*B6*392~SVC*HC:S9480*750*392*0905*1**0~DTM*472*20260616~CAS*CO*45*358*1~REF*6R*CX156907X67737.001~AMT*B6*392~SVC*HC:S9480*750*392*0905*1**0~DTM*472*20260617~CAS*CO*45*358*1~REF*6R*CX156907X67738.003~AMT*B6*392~SVC*HC:S9480*750*392*0905*1**0~DTM*472*20260618~CAS*CO*45*358*1~REF*6R*CX156907X67739.001~AMT*B6*392~CLP*CX156899X2*1*2250*1116*60*HM*20260624509015*13*3~NM1*QC*1*LOWENBERG*SOFIA****MI*XZJ6111986300~REF*CE*3597608~DTM*232*20260615~DTM*233*20260618~DTM*050*20260710~PER*CX**TE*4408353511~AMT*AU*1176~SVC*HC:S9480*750*372*0905*1**0~DTM*472*20260615~CAS*CO*45*358*1~CAS*PR*3*20*1~REF*6R*CX156899X67736.003~AMT*B6*392~SVC*HC:S9480*750*372*0905*1**0~DTM*472*20260617~CAS*CO*45*358*1~CAS*PR*3*20*1~REF*6R*CX156899X67738.003~AMT*B6*392~SVC*HC:S9480*750*372*0905*1**0~DTM*472*20260618~CAS*CO*45*358*1~CAS*PR*3*20*1~REF*6R*CX156899X67739.003~AMT*B6*392~CLP*CX156896X1*1*1500*724*60*HM*20260624550054*13*3~NM1*QC*1*DEVLIN-MOHAN*CEIRE****MI*XBU6101334400~REF*CE*3597608~DTM*232*20260617~DTM*233*20260618~DTM*050*20260710~PER*CX**TE*4408353511~AMT*AU*784~SVC*HC:S9480*750*362*0905*1**0~DTM*472*20260617~CAS*CO*45*358*1~CAS*PR*3*30*1~REF*6R*CX156896X67738.003~AMT*B6*392~SVC*HC:S9480*750*362*0905*1**0~DTM*472*20260618~CAS*CO*45*358*1~CAS*PR*3*30*1~REF*6R*CX156896X67739.001~AMT*B6*392~CLP*CX153612X3*1*138000*0**HM*20260626504003*11*7~NM1*QC*1*GOLDBERG*RACHEL****MI*QXH927320532~REF*CE*3597608~DTM*232*20260218~DTM*233*20260404~DTM*050*20260710~PER*CX**TE*4408353511~SVC*NU:1001*138000*0**46**0~DTM*150*20260218~DTM*151*20260404~CAS*CO*45*138000*1~REF*6R*CX153612X67619.004~CLP*CX156925X1*1*4500*2157**HM*20260626508138*13*2~NM1*QC*1*HUNGATE*OLIVIA****MI*XZJ6103371103~NM1*IL*1*HUNGATE*CHRISTOPHER****MI*XZJ6103371103~REF*CE*3597608~DTM*232*20260617~DTM*233*20260619~DTM*050*20260710~PER*CX**TE*4408353511~AMT*AU*2157~SVC*HC:H0035:95*1500*719*0912*1**0~DTM*472*20260617~CAS*CO*45*781*1~REF*6R*CX156925X67738.003~AMT*B6*719~SVC*HC:H0035:95*1500*719*0912*1**0~DTM*472*20260618~CAS*CO*45*781*1~REF*6R*CX156925X67739.001~AMT*B6*719~SVC*HC:H0035:95*1500*719*0912*1**0~DTM*472*20260619~CAS*CO*45*781*1~REF*6R*CX156925X67740.002~AMT*B6*719~CLP*CX157133X4*1*90000*40630*2000*HM*20260630511530*11*1~NM1*QC*1*SMITH*KAYLA****MI*MHT925571832~REF*CE*3597608~DTM*232*20260527~DTM*233*20260625~DTM*050*20260710~PER*CX**TE*4408353511~AMT*AU*42630~SVC*NU:1001*15000*40630**5**0~DTM*150*20260527~DTM*151*20260531~CAS*OA*94*-27630*1~CAS*PR*1*2000*1~REF*6R*CX157133X67717.003~AMT*B6*42630~SVC*NU:1001*75000*0**25**0~DTM*150*20260601~DTM*151*20260625~CAS*CO*45*75000*1~REF*6R*CX157133X67717.003~CLP*CX157131X2*4*78000*0*78000*HM*20260630511532*11*1~NM1*QC*1*WEISS*JENNIFER****MI*XSP924W25657~REF*CE*3597608~DTM*232*20260601~DTM*233*20260626~DTM*050*20260710~PER*CX**TE*4408353511~SVC*NU:1001*78000*0**26**0~DTM*150*20260601~DTM*151*20260626~CAS*PR*96*78000*1~REF*6R*CX157131X67722.005~AMT*B6*78000~LQ*HE*N448~CLP*CX157132X3*1*147000*69629**HM*20260630511533*11*1~NM1*QC*1*HAYASHI*SUMIREKO****MI*XXP960443946~REF*CE*3597608~DTM*232*20260505~DTM*233*20260622~DTM*050*20260710~PER*CX**TE*4408353511~AMT*AU*69629~SVC*NU:1001*81000*69629**27**0~DTM*150*20260505~DTM*151*20260531~CAS*CO*45*11371*1~REF*6R*CX157132X67695.004~AMT*B6*69629~SVC*NU:1001*66000*0**22**0~DTM*150*20260601~DTM*151*20260622~CAS*CO*45*66000*1~REF*6R*CX157132X67695.004~CLP*CX157171X1*1*2250*1176**HM*20260701548614*13*3~NM1*QC*1*POWELL*CARA****MI*HSG3HZN51094850~REF*CE*3597608~DTM*232*20260622~DTM*233*20260626~DTM*050*20260710~PER*CX**TE*4408353511~AMT*AU*1176~SVC*HC:S9480*750*392*0905*1**0~DTM*472*20260622~CAS*CO*45*358*1~REF*6R*CX157171X67743.002~AMT*B6*392~SVC*HC:S9480*750*392*0905*1**0~DTM*472*20260624~CAS*CO*45*358*1~REF*6R*CX157171X67745.001~AMT*B6*392~SVC*HC:S9480*750*392*0905*1**0~DTM*472*20260626~CAS*CO*45*358*1~REF*6R*CX157171X67747.001~AMT*B6*392~CLP*CX157169X6*1*7500*1438*4500*HM*20260701548618*13*3~NM1*QC*1*D''ANNUNZIO*MADISON****MI*L6Q806855092~REF*CE*3597608~DTM*232*20260622~DTM*233*20260626~DTM*050*20260710~PER*CX**TE*4408353511~AMT*AU*1438~SVC*HC:H0035*1500*719*0912*1**0~DTM*472*20260622~CAS*CO*45*781*1~REF*6R*CX157169X67743.004~AMT*B6*719~SVC*HC:H0035*1500*719*0912*1**0~DTM*472*20260623~CAS*CO*45*781*1~REF*6R*CX157169X67744.001~AMT*B6*719~SVC*HC:H0035*1500*0*0912*1**0~DTM*472*20260624~CAS*PR*204*1500*1~REF*6R*CX157169X67745.001~SVC*HC:H0035*1500*0*0912*1**0~DTM*472*20260625~CAS*PR*204*1500*1~REF*6R*CX157169X67746.001~SVC*HC:H0035*1500*0*0912*1**0~DTM*472*20260626~CAS*PR*204*1500*1~REF*6R*CX157169X67747.002~CLP*CX157168X5*1*7500*3595**HM*20260701548622*13*3~NM1*QC*1*GILLARD*CAITLYN****MI*EXQ799M91710~REF*CE*3597608~DTM*232*20260622~DTM*233*20260626~DTM*050*20260710~PER*CX**TE*4408353511~AMT*AU*3595~SVC*HC:H0035*1500*719*0912*1**0~DTM*472*20260622~CAS*CO*45*781*1~REF*6R*CX157168X67743.003~AMT*B6*719~SVC*HC:H0035*1500*719*0912*1**0~DTM*472*20260623~CAS*CO*45*781*1~REF*6R*CX157168X67744.001~AMT*B6*719~SVC*HC:H0035*1500*719*0912*1**0~DTM*472*20260624~CAS*CO*45*781*1~REF*6R*CX157168X67745.002~AMT*B6*719~SVC*HC:H0035*1500*719*0912*1**0~DTM*472*20260625~CAS*CO*45*781*1~REF*6R*CX157168X67746.002~AMT*B6*719~SVC*HC:H0035*1500*719*0912*1**0~DTM*472*20260626~CAS*CO*45*781*1~REF*6R*CX157168X67747.001~AMT*B6*719~CLP*CX157436X7*4*6000*0**HM*20260707527987*13*3~NM1*QC*1*RIGNEY*MARLEA****MI*SOD135333475001~REF*CE*3597608~DTM*232*20260629~DTM*233*20260702~DTM*050*20260710~PER*CX**TE*4408353511~SVC*HC:H0035*1500*0*0912*1**0~DTM*472*20260629~CAS*CO*96*1500*1~REF*6R*CX157436X67750.002~LQ*HE*N747~SVC*HC:H0035*1500*0*0912*1**0~DTM*472*20260630~CAS*CO*96*1500*1~REF*6R*CX157436X67751.001~LQ*HE*N747~SVC*HC:H0035*1500*0*0912*1**0~DTM*472*20260701~CAS*CO*96*1500*1~REF*6R*CX157436X67752.002~LQ*HE*N747~SVC*HC:H0035*1500*0*0912*1**0~DTM*472*20260702~CAS*CO*96*1500*1~REF*6R*CX157436X67753.001~LQ*HE*N747~SE*404*000000002~ST*835*000000003~BPR*I*7957.6*C*ACH*CCP*01*043301627*DA*1069954659C*1341858379**01*121000248*DA*4122170038*20260715~TRN*1*1254648627*1341858379~DTM*405*20260713~N1*PR*AMERIHEALTH INC~N3*1901 MARKET STREET~N4*PHILADELPHIA*PA*19103~REF*2U*SX055~PER*CX*EDI SUPPORT TEAM*FX*4408355656*TE*4408353511~PER*BL*EDI SUPPORT TEAM~N1*PE*PA THE RENFREW CENTERS*XX*1417971904~N3*PO BOX 823700~N4*PHILADELPHIA*PA*19182~REF*TJ*200994813~LX*1~CLP*CX156884X1*1*21000*7957.6*1989.4*HM*20260624547958*11*3~NM1*QC*1*DRISCOLL*JUSTIN****MI*QS18182192900~REF*CE*3593423~DTM*232*20260615~DTM*233*20260621~DTM*050*20260710~PER*CX**TE*4408353511~AMT*AU*9947~SVC*NU:1001*3000*1136.8**1**0~DTM*472*20260615~CAS*CO*45*1579*1~CAS*PR*2*284.2*1~REF*6R*CX156884X67736.003~AMT*B6*1421~SVC*NU:1001*3000*1136.8**1**0~DTM*472*20260616~CAS*CO*45*1579*1~CAS*PR*2*284.2*1~REF*6R*CX156884X67737.002~AMT*B6*1421~SVC*NU:1001*3000*1136.8**1**0~DTM*472*20260617~CAS*CO*45*1579*1~CAS*PR*2*284.2*1~REF*6R*CX156884X67738.004~AMT*B6*1421~SVC*NU:1001*3000*1136.8**1**0~DTM*472*20260618~CAS*CO*45*1579*1~CAS*PR*2*284.2*1~REF*6R*CX156884X67739.003~AMT*B6*1421~SVC*NU:1001*3000*1136.8**1**0~DTM*472*20260619~CAS*CO*45*1579*1~CAS*PR*2*284.2*1~REF*6R*CX156884X67740.003~AMT*B6*1421~SVC*NU:1001*3000*1136.8**1**0~DTM*472*20260620~CAS*CO*45*1579*1~CAS*PR*2*284.2*1~REF*6R*CX156884X67741.001~AMT*B6*1421~SVC*NU:1001*3000*1136.8**1**0~DTM*472*20260621~CAS*CO*45*1579*1~CAS*PR*2*284.2*1~REF*6R*CX156884X67742.001~AMT*B6*1421~SE*66*000000003~ST*835*000000004~BPR*I*1176*C*ACH*CCP*01*043301627*DA*1069954659C*1341858379**01*121000248*DA*4122170038*20260715~TRN*1*1254648629*1341858379~DTM*405*20260713~N1*PR*INDEPENDENCE BLUE CROSS, LLC~N3*1901 MARKET STREET~N4*PHILADELPHIA*PA*19103~REF*2U*SX055~PER*CX*EDI SUPPORT TEAM*FX*4408355656*TE*4408353511~PER*BL*EDI SUPPORT TEAM~N1*PE*PA THE RENFREW CENTERS*XX*1417971904~N3*PO BOX 823700~N4*PHILADELPHIA*PA*19182~REF*TJ*200994813~LX*1~CLP*CX132314X5*4*18000*0**HM*20260626508102*11*7~NM1*QC*1*BALDONADO*ABRAHAM****MI*XEH904484584~REF*CE*3585081~DTM*232*20241115~DTM*050*20260710~PER*CX**TE*4408353511~SVC*NU:1001*18000*0**6**0~DTM*472*20241115~CAS*CO*96*18000*1~REF*6R*CX132314X67159.002~LQ*HE*N448~CLP*CX157175X5*1*2250*1176**HM*20260701548612*13*3~NM1*QC*1*TURNER*CAROLINE****MI*VYW202855069~REF*CE*3585081~DTM*232*20260622~DTM*233*20260624~DTM*050*20260710~PER*CX**TE*4408353511~AMT*AU*1176~SVC*HC:S9480*750*392*0905*1**0~DTM*472*20260622~CAS*CO*45*358*1~REF*6R*CX157175X67743.001~AMT*B6*392~SVC*HC:S9480*750*392*0905*1**0~DTM*472*20260623~CAS*CO*45*358*1~REF*6R*CX157175X67744.001~AMT*B6*392~SVC*HC:S9480*750*392*0905*1**0~DTM*472*20260624~CAS*CO*45*358*1~REF*6R*CX157175X67745.001~AMT*B6*392~CLP*CX132058X2*4*21000*0*21000*HM*20260702508357*11*7~NM1*QC*1*BALDONADO*ABRAHAM****MI*XEH904484584~REF*CE*3585081~DTM*232*20241104~DTM*233*20241110~DTM*050*20260710~PER*CX**TE*4408353511~SVC*NU:1001*21000*0**7**0~DTM*150*20241104~DTM*151*20241110~CAS*PR*29*21000*1~REF*6R*CX132058X67148.004~AMT*B6*21000~SE*63*000000004~GE*4*910006335~IEA*1*910006335~