ISA*00*          *00*          *ZZ*CHC            *ZZ*00962249       *260612*0703*^*00501*322005822*0*P*:~GS*HP*CHC*00962249*20260612*07031000*322005822*X*005010X221A1~ST*835*000000001~BPR*H*0*C*NON******9999999999*999999999*****20260611~TRN*1*0024332579*1220999690*8352026061201348355~REF*EV*1164514691~DTM*405*20260611~N1*PR*HORIZON BCBSNJ~N3*P O  BOX 420~N4*NEWARK*NJ*071010420~REF*2U*22099~PER*BL*HORIZON BCBSNJ*EM*HORIZONEDI@HORIZONBLUE.COM*TE*8883349242~N1*PE*THE RENFREW CENTER OF NEW JERS*XX*1164514691~N3*PO BOX 713700~N4*PHILADELPHIA*PA*191713700~REF*PQ*001368~REF*TJ*223704728~LX*1~CLP*CX155827X4*1*7500*0*7500*12*780202614921819   00*13*3~NM1*QC*1*VASTI*SIENNA****MI*ZTO6488791DK~NM1*IL*1*VASTI*CHRISTOPHER****MI*ZTO6488791DK~NM1*82*2*ASHLEY  HOADLEY*****XX*1821357682~DTM*232*20260518~DTM*233*20260522~DTM*050*20260529~PER*CX*HORIZON BLUE CROSS BLUE SHIELD OF NEW JERSEY DIRECT ACCESS*TE*8886662535~AMT*AU*3185~SVC*HC:H0035*1500*0*0912*1~DTM*472*20260518~CAS*PR*204*1500~REF*6R*CX155827X67708.001~REF*APC*00000~LQ*HE*N130~SVC*HC:H0035*1500*0*0912*1~DTM*472*20260519~CAS*PR*204*1500~REF*6R*CX155827X67709.002~REF*APC*00000~LQ*HE*N130~SVC*HC:H0035*1500*0*0912*1~DTM*472*20260520~CAS*PR*204*1500~REF*6R*CX155827X67710.002~REF*APC*00000~LQ*HE*N130~SVC*HC:H0035*1500*0*0912*1~DTM*472*20260521~CAS*PR*204*1500~REF*6R*CX155827X67711.002~REF*APC*00000~LQ*HE*N130~SVC*HC:H0035*1500*0*0912*1~DTM*472*20260522~CAS*PR*204*1500~REF*6R*CX155827X67712.003~REF*APC*00000~LQ*HE*N130~SE*56*000000001~GE*1*322005822~IEA*1*322005822~