ISA*00*          *00*          *ZZ*CHC            *ZZ*00962249       *260610*1324*^*00501*227206147*0*P*:~GS*HP*CHC*00962249*20260610*13240300*227206147*X*005010X221A1~ST*835*000000001~BPR*I*2485*C*ACH*CCP*01*124384877*DA*720000537*1391995276*0000UMR01*01*121000248*DA*4122170038*20260612~TRN*1*UH88200059724921245685467*1391995276*0000UMR01~REF*EV*841162789~DTM*405*20260605~N1*PR*UHC SUREST~N3*UNITEDHEALTHCARE SHARED SERVICES*PO BOX 30783~N4*SALT LAKE CITY*UT*841300783~REF*2U*39026~PER*CX*CUSTOMER CARE UNIT*TE*8778423210~PER*BL*UMR EDI TEAM*EM*UMR-EDI-IT-TEAM DL@DS.UHC.COM~N1*PE*THE RENFREW CENTER OF NORTH CAROLINA LLC*XX*1841497518~N3*PO BOX 823700*PO BOX 30783~N4*PHILADELPHIA*PA*19182~REF*TJ*205508748~LX*1~CLP*CX155909X1*1*7500*2485*250*12*26148250820*13*3~NM1*QC*1*ATKINSON*KYLA~NM1*IL*1*ATKINSON*AARON****MI*771898129762~NM1*82*1*AYALEW*RAHEL****XX*1851924443~REF*1L*78800000~AMT*AU*7500~SVC*HC:H0035*1500*497*0912~DTM*472*20260520~CAS*CO*45*953~CAS*PR*3*50~REF*6R*CX155909X67710.003~AMT*B6*547~SVC*HC:H0035*1500*497*0912~DTM*472*20260518~CAS*CO*45*953~CAS*PR*3*50~REF*6R*CX155909X67708.002~AMT*B6*547~SVC*HC:H0035*1500*497*0912~DTM*472*20260521~CAS*CO*45*953~CAS*PR*3*50~REF*6R*CX155909X67711.003~AMT*B6*547~SVC*HC:H0035*1500*497*0912~DTM*472*20260519~CAS*CO*45*953~CAS*PR*3*50~REF*6R*CX155909X67709.002~AMT*B6*547~SVC*HC:H0035*1500*497*0912~DTM*472*20260522~CAS*CO*45*953~CAS*PR*3*50~REF*6R*CX155909X67712.003~AMT*B6*547~SE*53*000000001~ST*835*000000002~BPR*I*2485*C*ACH*CCP*01*124384877*DA*720000537*1391995276*0000UMR01*01*121000248*DA*4122170038*20260608~TRN*1*UH88200059254811245664216*1391995276*0000UMR01~REF*EV*841162789~DTM*405*20260601~N1*PR*UHC SUREST~N3*UNITEDHEALTHCARE SHARED SERVICES*PO BOX 30783~N4*SALT LAKE CITY*UT*841300783~REF*2U*39026~PER*CX*CUSTOMER CARE UNIT*TE*8778423210~PER*BL*UMR EDI TEAM*EM*UMR-EDI-IT-TEAM DL@DS.UHC.COM~N1*PE*THE RENFREW CENTER OF NORTH CAROLINA LLC*XX*1841497518~N3*PO BOX 823700*PO BOX 30783~N4*PHILADELPHIA*PA*19182~REF*TJ*205508748~LX*1~CLP*CX155684X1*1*7500*2485*250*12*26142400727*13*3~NM1*QC*1*ATKINSON*KYLA~NM1*IL*1*ATKINSON*AARON****MI*771898129762~NM1*82*1*AYALEW*RAHEL****XX*1851924443~REF*1L*78800000~AMT*AU*7500~SVC*HC:H0035*1500*497*0912~DTM*472*20260511~CAS*CO*45*953~CAS*PR*3*50~REF*6R*CX155684X67701.002~AMT*B6*547~SVC*HC:H0035*1500*497*0912~DTM*472*20260512~CAS*CO*45*953~CAS*PR*3*50~REF*6R*CX155684X67702.002~AMT*B6*547~SVC*HC:H0035*1500*497*0912~DTM*472*20260515~CAS*CO*45*953~CAS*PR*3*50~REF*6R*CX155684X67705.002~AMT*B6*547~SVC*HC:H0035*1500*497*0912~DTM*472*20260514~CAS*CO*45*953~CAS*PR*3*50~REF*6R*CX155684X67704.003~AMT*B6*547~SVC*HC:H0035*1500*497*0912~DTM*472*20260513~CAS*CO*45*953~CAS*PR*3*50~REF*6R*CX155684X67703.002~AMT*B6*547~SE*53*000000002~GE*2*227206147~IEA*1*227206147~