ISA*00*          *00*          *ZZ*CHC            *ZZ*00962249       *260709*0848*^*00501*614013019*0*P*:~GS*HP*CHC*00962249*20260709*08480200*614013019*X*005010X221A1~ST*835*000000001~BPR*I*1380*C*ACH*CCP*01*124384877*DA*720000035*1742270442*000074227*01*121000248*DA*4122170038*20260713~TRN*1*25267070*1742270442*000074227~REF*EV*BFT220003440~REF*F2*1275~DTM*405*20260709~N1*PR*STUDENT RESOURCES~N3*PO BOX 809025~N4*DALLAS*TX*753809025~REF*2U*74227~PER*CX*CUSTOMER SERVICE*TE*8007670700~PER*BL*UNKNOWN*UR*WWW.UNITEDHEALTHCAREONLINE.COM/B2C/CONTACTUS.DO~N1*PE*THE RENFREW CENTER OF PENNSYLVANIA LLC*XX*1417971904~N3*PO BOX 823700~N4*PHILADELPHIA*PA*19182~REF*TJ*200994813~LX*1~CLP*CX156930X1*1*1500*552*40*15*25620411-01-01-001~NM1*QC*1*DESCHLER*EMILY~NM1*IL*1*DESCHLER*EMILY****MI*9976698~REF*9A*261889928992~REF*1L*2025-294-91~DTM*232*20260617~DTM*233*20260618~AMT*AU*592~SVC*HC:S9480*750*276**1**0~DTM*472*20260617~CAS*CO*45*454~CAS*PR*3*20~AMT*B6*296~SVC*HC:S9480*750*276**1**0~DTM*472*20260618~CAS*CO*45*454~CAS*PR*3*20~AMT*B6*296~CLP*CX157196X2*1*2250*828*60*15*25620411-01-01-002~NM1*QC*1*DESCHLER*EMILY~NM1*IL*1*DESCHLER*EMILY****MI*9976698~REF*1L*2025-294-91~REF*9A*261889928993~DTM*232*20260622~DTM*233*20260625~AMT*AU*888~SVC*HC:S9480*750*276**1**0~DTM*472*20260622~CAS*CO*45*454~CAS*PR*3*20~AMT*B6*296~SVC*HC:S9480*750*276**1**0~DTM*472*20260624~CAS*CO*45*454~CAS*PR*3*20~AMT*B6*296~SVC*HC:S9480*750*276**1**0~DTM*472*20260625~CAS*PR*3*20~CAS*CO*45*454~AMT*B6*296~SE*59*000000001~GE*1*614013019~IEA*1*614013019~