ISA*00*          *00*          *ZZ*CHC            *ZZ*00962249       *260623*1415*^*00501*333607741*0*P*:~GS*HP*CHC*00962249*20260623*14150600*333607741*X*005010X221A1~ST*835*000000001~BPR*I*19077*C*ACH*CCP*01*004401195*DA*0000070420*1411648670**01*121000248*DA*4122170038*20260624~TRN*1*260618090050437*1411648670~REF*EV*133052274~REF*F2*PM~DTM*405*20260619~N1*PR*EVERNORTH BEHAVIORAL HEALTH, INC.~N3*P.O. BOX 182223~N4*CHATTANOOGA*TN*374227223~REF*2U*62308~PER*BL*EDI HELP DESK*TE*8008103388~N1*PE*RENFREW CTR OF PA*XX*1417971904~N3*PO BOX 713700~N4*PHILADELPHIA*PA*191713700~REF*TJ*200994813~LX*1~TS3*1417971904*22*20261231*5*42750~CLP*CX156673X1*1*7500*3450**13*4682616897482*13*4~NM1*QC*1*RUARK*EVA****MI*U8142306703~NM1*IL*1*RUARK*BRIAN****MI*U8142306701~REF*1L*3334085~REF*CE*OPEN ACCESS PLUS~REF*EA*IDX135468X7~DTM*050*20260617~DTM*232*20260608~DTM*233*20260612~PER*CX*MEMBER SERVICES*TE*8002446224~AMT*AU*3450~SVC*HC:H0035*1500*690*0912*1~DTM*150*20260608~DTM*151*20260608~CAS*CO*45*810~REF*6R*CX156673X67729.002~AMT*B6*690~SVC*HC:H0035*1500*690*0912*1~DTM*150*20260609~DTM*151*20260609~CAS*CO*45*810~REF*6R*CX156673X67730.002~AMT*B6*690~SVC*HC:H0035*1500*690*0912*1~DTM*150*20260610~DTM*151*20260610~CAS*CO*45*810~REF*6R*CX156673X67731.001~AMT*B6*690~SVC*HC:H0035*1500*690*0912*1~DTM*150*20260611~DTM*151*20260611~CAS*CO*45*810~REF*6R*CX156673X67732.001~AMT*B6*690~SVC*HC:H0035*1500*690*0912*1~DTM*150*20260612~DTM*151*20260612~CAS*CO*45*810~REF*6R*CX156673X67733.002~AMT*B6*690~CLP*CX156391X3*1*12000*5336**13*7682616194533*11*2~NM1*QC*1*KOEHLER*BETHANY****MI*U0643892903~NM1*IL*1*KOEHLER*JACLYNN****MI*U0643892901~REF*1L*3343777~REF*CE*OPEN ACCESS PLUS~REF*EA*IDX136285X3~REF*G1*IP2760048356~REF*BB*002615531917436~DTM*050*20260610~DTM*232*20260604~DTM*233*20260607~PER*CX*MEMBER SERVICES*TE*8002446224~AMT*AU*5336~SVC*NU:1001*3000*1334**1~DTM*150*20260604~DTM*151*20260604~CAS*CO*45*1666~REF*6R*CX156391X67725.004~AMT*B6*1334~SVC*NU:1001*3000*1334**1~DTM*150*20260605~DTM*151*20260605~CAS*CO*45*1666~REF*6R*CX156391X67726.004~AMT*B6*1334~SVC*NU:1001*3000*1334**1~DTM*150*20260606~DTM*151*20260606~CAS*CO*45*1666~REF*6R*CX156391X67727.004~AMT*B6*1334~SVC*NU:1001*3000*1334**1~DTM*150*20260607~DTM*151*20260607~CAS*CO*45*1666~REF*6R*CX156391X67728.002~AMT*B6*1334~CLP*CX155970X2*1*18000*7904*100*13*7682615395196*11*2~NM1*QC*1*CACCIUTTOLO*ANDREA****MI*U7667653503~NM1*IL*1*CACCIUTTOLO*MARCO****MI*U7667653501~REF*1L*3341798~REF*CE*OPEN ACCESS PLUS~REF*EA*IDX136144X3~REF*G1*IP2748264980~REF*BB*002614631918057~DTM*050*20260602~DTM*232*20260526~DTM*233*20260531~PER*CX*MEMBER SERVICES*TE*8002446224~AMT*AU*8004~SVC*NU:1001*3000*1234**1~DTM*150*20260526~DTM*151*20260526~CAS*CO*45*1666~CAS*PR*3*100~REF*6R*CX155970X67716.004~AMT*B6*1334~SVC*NU:1001*3000*1334**1~DTM*150*20260527~DTM*151*20260527~CAS*CO*45*1666~REF*6R*CX155970X67717.002~AMT*B6*1334~SVC*NU:1001*3000*1334**1~DTM*150*20260528~DTM*151*20260528~CAS*CO*45*1666~REF*6R*CX155970X67718.003~AMT*B6*1334~SVC*NU:1001*3000*1334**1~DTM*150*20260529~DTM*151*20260529~CAS*CO*45*1666~REF*6R*CX155970X67719.003~AMT*B6*1334~SVC*NU:1001*3000*1334**1~DTM*150*20260530~DTM*151*20260530~CAS*CO*45*1666~REF*6R*CX155970X67720.003~AMT*B6*1334~SVC*NU:1001*3000*1334**1~DTM*150*20260531~DTM*151*20260531~CAS*CO*45*1666~REF*6R*CX155970X67721.002~AMT*B6*1334~CLP*CX156674X1*1*2250*1053**13*9682616898544*13*3~NM1*QC*1*MITCHELL*MARGARET****MI*U0201974302~NM1*IL*1*MITCHELL*JOSHUA****MI*U0201974301~REF*1L*3346483~REF*CE*OPEN ACCESS PLUS~REF*EA*IDX135379X3~REF*G1*NO AUTH REQUIRED~DTM*050*20260617~DTM*232*20260608~DTM*233*20260612~PER*CX*MEMBER SERVICES*TE*8002446224~AMT*AU*1053~SVC*HC:S9480*750*351*0905*1~DTM*150*20260608~DTM*151*20260608~CAS*CO*45*399~REF*6R*CX156674X67729.001~AMT*B6*351~SVC*HC:S9480*750*351*0905*1~DTM*150*20260610~DTM*151*20260610~CAS*CO*45*399~REF*6R*CX156674X67731.001~AMT*B6*351~SVC*HC:S9480*750*351*0905*1~DTM*150*20260612~DTM*151*20260612~CAS*CO*45*399~REF*6R*CX156674X67733.001~AMT*B6*351~CLP*CX156390X2*1*3000*1334**13*7682616398179*11*4~NM1*QC*1*CACCIUTTOLO*ANDREA****MI*U7667653503~NM1*IL*1*CACCIUTTOLO*MARCO****MI*U7667653501~REF*1L*3341798~REF*CE*OPEN ACCESS PLUS~REF*EA*IDX136144X3~REF*G1*IP2748264980~REF*BB*002614631918057~DTM*050*20260612~DTM*232*20260601~DTM*233*20260601~PER*CX*MEMBER SERVICES*TE*8002446224~AMT*AU*1334~SVC*NU:1001*3000*1334**1~CAS*CO*45*1666~REF*6R*CX156390X67722.003~AMT*B6*1334~SE*193*000000001~GE*1*333607741~IEA*1*333607741~