ISA*00*          *00*          *ZZ*CHC            *ZZ*00962249       *260703*0611*^*00501*988407727*0*P*:~GS*HP*CHC*00962249*20260703*06111700*988407727*X*005010X221A1~ST*835*000000001~BPR*I*548.04*C*ACH*CCP*01*031100209*DA*0000009134*1066033492**01*121000248*DA*4122170038*20260708~TRN*1*826184000145146*1066033492~REF*EV*133052274~DTM*405*20260703~N1*PR*AETNA~N3*151 FARMINGTON AVENUE~N4*HARTFORD*CT*06156~REF*2U*60054~PER*BL*PROVIDER SERVICE~N1*PE*THE RENFREW CENTER OF TENNESSEE*XX*1083812762~N3*PO BOX 713700~N4*PHILADELPHIA*PA*191713700~REF*PQ*174749620~REF*TJ*205497459~LX*1~TS3*1083812762*22*20261231*1*1500~CLP*CX157392X1*1*1500*548.04*60.9*13*E3ADVTPR50000*13*3~NM1*QC*1*ARSENAULT-YOST*HANNAH~NM1*IL*1*ARSENAULT*GRANT****MI*W293553331~REF*1L*0285630-014-00002-AE~REF*CE*AETNA HEALTHFUND  AETNA CHOICE  POS II NET 00395~DTM*232*20260624~DTM*233*20260625~DTM*050*20260630~PER*CX**TE*2028335751~AMT*AU*1500~SVC*HC:S9480:95*750*274.02*0905*1~DTM*472*20260624~CAS*CO*45*445.53~CAS*PR*2*30.45~REF*6R*CX157392X67745.001~AMT*B6*304.47~SVC*HC:S9480:95*750*274.02*0905*1~DTM*472*20260625~CAS*CO*45*445.53~CAS*PR*2*30.45~REF*6R*CX157392X67746.002~AMT*B6*304.47~SE*40*000000001~ST*835*000000002~BPR*I*2359.28*C*ACH*CCP*01*011900445*DA*0000009046*1066033492**01*121000248*DA*4122170038*20260708~TRN*1*826184000145148*1066033492~REF*EV*133052274~DTM*405*20260703~N1*PR*AETNA~N3*151 FARMINGTON AVENUE~N4*HARTFORD*CT*06156~REF*2U*60054~PER*BL*PROVIDER SERVICE~N1*PE*THE RENFREW CENTER OF TENNESSEE*XX*1083812762~N3*PO BOX 713700~N4*PHILADELPHIA*PA*191713700~REF*PQ*174749620~REF*TJ*205497459~LX*1~TS3*1083812762*22*20261231*3*6000~CLP*CX157362X2*1*2250*913.41**13*E3JNVRRQB0000*13*3~NM1*QC*1*PHILLIPS*KAITLYN****MI*W289432268~REF*1L*0811338-012-00102-QA~REF*CE*AETNA CHOICE  POS II NET 00395~DTM*232*20260622~DTM*233*20260625~DTM*050*20260630~PER*CX**TE*8886323862~AMT*AU*2250~SVC*HC:S9480*750*304.47*0905*1~DTM*472*20260622~CAS*CO*45*445.53~REF*6R*CX157362X67743.001~AMT*B6*304.47~SVC*HC:S9480*750*304.47*0905*1~DTM*472*20260623~CAS*CO*45*445.53~REF*6R*CX157362X67744.002~AMT*B6*304.47~SVC*HC:S9480*750*304.47*0905*1~DTM*472*20260625~CAS*CO*45*445.53~REF*6R*CX157362X67746.002~AMT*B6*304.47~CLP*CX157361X1*1*2250*836.93*76.48*13*E3TYVQK4Q0000*13*3~NM1*QC*1*MORGAN*SIMONE~NM1*IL*1*SCHNEIDER*CLAUS****MI*W20556911902~NM1*74*1******C*W205569119~REF*1L*0811338-013-00102-WA~REF*CE*AETNA CHOICE  POS II NET 00395~DTM*232*20260622~DTM*233*20260625~DTM*050*20260630~PER*CX**TE*8886323862~AMT*AU*2250~SVC*HC:S9480*750*243.58*0905*1~DTM*472*20260622~CAS*CO*45*445.53~CAS*PR*2*60.89~REF*6R*CX157361X67743.001~AMT*B6*304.47~SVC*HC:S9480*750*288.88*0905*1~DTM*472*20260623~CAS*CO*45*445.53~CAS*PR*2*15.59~REF*6R*CX157361X67744.002~AMT*B6*304.47~SVC*HC:S9480*750*304.47*0905*1~DTM*472*20260625~CAS*CO*45*445.53~REF*6R*CX157361X67746.002~AMT*B6*304.47~CLP*CX157393X2*1*1500*608.94**13*E337VVDYJ0000*13*3~NM1*QC*1*MCCONNELL*JAMIE****MI*W278602388~REF*1L*0174987-011-00001-AA~REF*CE*AETNA CHOICE  POS II NET 00395~DTM*232*20260622~DTM*233*20260625~DTM*050*20260630~PER*CX**TE*8886323862~AMT*AU*1500~SVC*HC:S9480:95*750*304.47*0905*1~DTM*472*20260622~CAS*CO*45*445.53~REF*6R*CX157393X67743.001~AMT*B6*304.47~SVC*HC:S9480:95*750*304.47*0905*1~DTM*472*20260625~CAS*CO*45*445.53~REF*6R*CX157393X67746.001~AMT*B6*304.47~SE*89*000000002~GE*2*988407727~IEA*1*988407727~