ISA*00*          *00*          *ZZ*CHC            *ZZ*00962249       *260715*1727*^*00501*176208443*0*P*:~GS*HP*CHC*00962249*20260715*17273100*176208443*X*005010X221A1~ST*835*000000001~BPR*I*2740*C*CHK************20260708~TRN*1*231939912*1591031071~REF*EV*133052274~REF*F2*PM~DTM*405*20260715~N1*PR*CIGNA HEALTH AND LIFE INSURANCE COMPANY~N3*P.O. BOX 182223~N4*CHATTANOOGA*TN*374227223~REF*2U*62308~PER*BL*EDI HELP DESK*TE*8008103388~N1*PE*RENFREW CTR OF MA*XX*1346674215~N3*PO BOX 713700~N4*PHILADELPHIA*PA*191713700~REF*TJ*463400788~LX*1~TS3*1346674215*13*20261231*1*6000~CLP*CX157633X1*1*6000*2740**13*4672618991538*13*3~NM1*QC*1*PELLAUER*SADIE****MI*81772056903~NM1*IL*1*PELLAUER*MICHAEL****MI*81772056901~REF*1L*3331238~REF*CE*OPEN ACCESS PLUS~REF*EA*IDX136197X3~DTM*050*20260708~DTM*232*20260629~DTM*233*20260702~PER*CX*MEMBER SERVICES*TE*8002446224~AMT*AU*2740~SVC*HC:H0035*1500*685*0912*1~DTM*150*20260629~DTM*151*20260629~CAS*CO*45*815~REF*6R*CX157633X67750.002~AMT*B6*685~SVC*HC:H0035*1500*685*0912*1~DTM*150*20260630~DTM*151*20260630~CAS*CO*45*815~REF*6R*CX157633X67751.003~AMT*B6*685~SVC*HC:H0035*1500*685*0912*1~DTM*150*20260701~DTM*151*20260701~CAS*CO*45*815~REF*6R*CX157633X67752.003~AMT*B6*685~SVC*HC:H0035*1500*685*0912*1~DTM*150*20260702~DTM*151*20260702~CAS*CO*45*815~REF*6R*CX157633X67753.002~AMT*B6*685~SE*53*000000001~GE*1*176208443~IEA*1*176208443~