ISA*00*          *00*          *ZZ*CHC            *ZZ*00962249       *260615*0616*^*00501*537405879*0*P*:~GS*HP*CHC*00962249*20260615*06163600*537405879*X*005010X221A1~ST*835*000000001~BPR*I*690*C*ACH*CCP*01*031100209*DA*0000009108*1066033492**01*121000248*DA*4122170038*20260618~TRN*1*826166000221302*1066033492~REF*EV*133052274~DTM*405*20260615~N1*PR*AETNA~N3*151 FARMINGTON AVENUE~N4*HARTFORD*CT*06156~REF*2U*60054~PER*BL*PROVIDER SERVICE~N1*PE*THE RENFREW CENTER OF MASSACHUSETTS, LLC*XX*1346674215~N3*PO BOX 713700~N4*PHILADELPHIA*PA*191713700~REF*PQ*046923740~REF*TJ*463400788~LX*1~TS3*1346674215*22*20261231*1*1500~CLP*CX156616X1*1*1500*690**13*ESFDVG8WR0000*13*3~NM1*QC*1*DONNELLY*MELISSA~NM1*IL*1*DONNELLY*MICHAEL****MI*W292679995~REF*1L*0237219-011-00020-BL~REF*CE*AETNA OPEN ACCESS  MANAGED CHOICE NET 00339~DTM*232*20260601~DTM*233*20260604~DTM*050*20260611~PER*CX**TE*8886323862~AMT*AU*1500~SVC*HC:S9480:95*750*345*0905*1~DTM*472*20260601~CAS*CO*45*405~REF*6R*CX156616X67722.001~AMT*B6*345~SVC*HC:S9480:95*750*345*0905*1~DTM*472*20260604~CAS*CO*45*405~REF*6R*CX156616X67725.001~AMT*B6*345~SE*38*000000001~ST*835*000000002~BPR*I*3387*C*ACH*CCP*01*011900445*DA*0000009046*1066033492**01*121000248*DA*4122170038*20260618~TRN*1*826166000221304*1066033492~REF*EV*133052274~DTM*405*20260615~N1*PR*AETNA~N3*151 FARMINGTON AVENUE~N4*HARTFORD*CT*06156~REF*2U*60054~PER*BL*PROVIDER SERVICE~N1*PE*THE RENFREW CENTER OF MASSACHUSETTS, LLC*XX*1346674215~N3*PO BOX 713700~N4*PHILADELPHIA*PA*191713700~REF*PQ*046923740~REF*TJ*463400788~LX*1~TS3*1346674215*22*20261231*4*8250~CLP*CX156582X3*1*3000*1200**13*ERNSW88QL0000*13*3~NM1*QC*1*KRIVOKRYSENKO*ZOYA~NM1*IL*1*SHYSHYNOVA*INNA****MI*W285581622~REF*G1*074652413~REF*1L*0622709-024-00001- D~REF*CE*AETNA CHOICE  POS II NET 00339~DTM*232*20260602~DTM*233*20260603~DTM*050*20260611~PER*CX**TE*8886323862~AMT*AU*3000~SVC*HC:H0035*1500*600*0912*1~DTM*472*20260602~CAS*CO*45*900~REF*6R*CX156582X67723.003~AMT*B6*600~SVC*HC:H0035*1500*600*0912*1~DTM*472*20260603~CAS*CO*45*900~REF*6R*CX156582X67724.002~AMT*B6*600~CLP*CX156580X1*1*1500*600**13*ER59XC1B30000*13*3~NM1*QC*1*MOSSMAN*EMMA~NM1*IL*1*MOSSMAN*KURT****MI*W215171097~REF*G1*074710080~REF*1L*0660819-016-00001-EB~REF*CE*AETNA CHOICE  POS II NET 00339~DTM*232*20260605~DTM*233*20260605~DTM*050*20260611~PER*CX**TE*8886323862~AMT*AU*1500~SVC*HC:H0035*1500*600*0912*1~DTM*472*20260605~CAS*CO*45*900~REF*6R*CX156580X67726.003~AMT*B6*600~CLP*CX156584X2*1*1500*552*138*13*ESPDVFWVN0000*13*3~NM1*QC*1*STOLPER*MADELINE~NM1*IL*1*STOLPER*ROBERT****MI*W24079602104~NM1*74*1******C*W240796021~REF*1L*0868654-012-00001-HB~REF*CE*AETNA CHOICE  POS II NET 00339~DTM*232*20260601~DTM*233*20260604~DTM*050*20260611~PER*CX**TE*8886323862~AMT*AU*1500~SVC*HC:S9480*750*276*0905*1~DTM*472*20260601~CAS*CO*45*405~CAS*PR*2*69~REF*6R*CX156584X67722.002~AMT*B6*345~SVC*HC:S9480*750*276*0905*1~DTM*472*20260604~CAS*CO*45*405~CAS*PR*2*69~REF*6R*CX156584X67725.001~AMT*B6*345~CLP*CX156585X3*1*2250*1035**13*ESY2VG5MV0000*13*3~NM1*QC*1*MURPHY*CHARLOTTE~NM1*IL*1*MURPHY*JEANINE****MI*W047263833~REF*1L*0657263-010-00121-CA~REF*CE*AETNA CHOICE  POS II NET 00339~DTM*232*20260601~DTM*233*20260604~DTM*050*20260611~PER*CX**TE*8886323862~AMT*AU*2250~SVC*HC:S9480*750*345*0905*1~DTM*472*20260601~CAS*CO*45*405~REF*6R*CX156585X67722.004~AMT*B6*345~SVC*HC:S9480*750*345*0905*1~DTM*472*20260603~CAS*CO*45*405~REF*6R*CX156585X67724.003~AMT*B6*345~SVC*HC:S9480*750*345*0905*1~DTM*472*20260604~CAS*CO*45*405~REF*6R*CX156585X67725.003~AMT*B6*345~SE*103*000000002~GE*2*537405879~IEA*1*537405879~