ISA*00*          *00*          *ZZ*CHC            *ZZ*00962249       *260715*1439*^*00501*162406728*0*P*:~GS*HP*CHC*00962249*20260715*14395300*162406728*X*005010X221A1~ST*835*000000001~BPR*I*5110*C*ACH*CCP*01*124384877*DA*720000537*1391995276*0000UMR01*01*121000248*DA*4122170038*20260717~TRN*1*UH88200066349441245989499*1391995276*0000UMR01~REF*EV*841162789~DTM*405*20260710~N1*PR*UHC SUREST~N3*UNITEDHEALTHCARE SHARED SERVICES*PO BOX 30783~N4*SALT LAKE CITY*UT*841300783~REF*2U*39026~PER*CX*CUSTOMER CARE UNIT*TE*8778423210~PER*BL*UMR EDI TEAM*EM*UMR-EDI-IT-TEAM DL@DS.UHC.COM~N1*PE*THE RENFREW CENTER OF NORTH CAROLINA LLC*XX*1841497518~N3*PO BOX 823700*PO BOX 30783~N4*PHILADELPHIA*PA*19182~REF*TJ*205508748~LX*1~CLP*CX156817X1*1*7500*2555*250*12*26171167487*13*3~NM1*QC*1*ATKINSON*KYLA~NM1*IL*1*ATKINSON*AARON****MI*771898129762~NM1*82*1*AYALEW*RAHEL****XX*1851924443~REF*1L*78800000~AMT*AU*7500~SVC*HC:H0035*1500*511*0912~DTM*472*20260612~CAS*CO*45*939~CAS*PR*3*50~REF*6R*CX156817X67733.002~AMT*B6*561~SVC*HC:H0035*1500*511*0912~DTM*472*20260611~CAS*CO*45*939~CAS*PR*3*50~REF*6R*CX156817X67732.001~AMT*B6*561~SVC*HC:H0035*1500*511*0912~DTM*472*20260608~CAS*CO*45*939~CAS*PR*3*50~REF*6R*CX156817X67729.002~AMT*B6*561~SVC*HC:H0035*1500*511*0912~DTM*472*20260610~CAS*CO*45*939~CAS*PR*3*50~REF*6R*CX156817X67731.002~AMT*B6*561~SVC*HC:H0035*1500*511*0912~DTM*472*20260609~CAS*CO*45*939~CAS*PR*3*50~REF*6R*CX156817X67730.002~AMT*B6*561~LX*2~CLP*CX157351X1*1*7500*2555*250*12*26183266642*13*3~NM1*QC*1*ATKINSON*KYLA~NM1*IL*1*ATKINSON*AARON****MI*771898129762~NM1*82*1*AYALEW*RAHEL****XX*1851924443~REF*1L*78800000~AMT*AU*7500~SVC*HC:H0035*1500*511*0912~DTM*472*20260625~CAS*CO*45*939~CAS*PR*3*50~REF*6R*CX157351X67746.001~AMT*B6*561~SVC*HC:H0035*1500*511*0912~DTM*472*20260623~CAS*CO*45*939~CAS*PR*3*50~REF*6R*CX157351X67744.001~AMT*B6*561~SVC*HC:H0035*1500*511*0912~DTM*472*20260624~CAS*CO*45*939~CAS*PR*3*50~REF*6R*CX157351X67745.003~AMT*B6*561~SVC*HC:H0035*1500*511*0912~DTM*472*20260622~CAS*CO*45*939~CAS*PR*3*50~REF*6R*CX157351X67743.001~AMT*B6*561~SVC*HC:H0035*1500*511*0912~DTM*472*20260626~CAS*CO*45*939~CAS*PR*3*50~REF*6R*CX157351X67747.003~AMT*B6*561~SE*90*000000001~GE*1*162406728~IEA*1*162406728~