ISA*00*          *00*          *ZZ*CHC            *ZZ*00962249       *260713*0325*^*00501*956003818*0*P*:~GS*HP*CHC*00962249*20260713*03251300*956003818*X*005010X221A1~ST*835*000000001~BPR*I*1931.2*C*ACH*CCP*01*124384877*DA*1470858534*1411289245*000087726*01*121000248*DA*4122170038*20260715~TRN*1*26192B1000020471*1411289245*000087726~REF*EV*B00099999800~DTM*405*20260711~N1*PR*UNITED HEALTHCARE INSURANCE COMPANY~N3*PO BOX 30755~N4*SALT LAKE CITY*UT*841300755~REF*2U*87726~PER*CX*UNITED BEHAVIORAL HEALTH*TE*8003338724~PER*BL*UNKNOWN*UR*WWW.UNITEDHEALTHCAREONLINE.COM/B2C/CONTACTUS.DO~N1*PE*THE RENFREW CENTER OF MARYLAND LLC*XX*1093940405~N3*PO BOX 823700~N4*PHILADELPHIA*PA*19182~REF*TJ*264628647~LX*1~CLP*CX144458X1*22*-6000*0**15*25XG77970600*13*4~NM1*QC*1*SWESNIK*SYDNEY****MI*08064772803~NM1*IL*1*TRAIL*NATHAN****MI*F32648520~NM1*74*1******C*080647728~REF*G1*GJCNMT-01~REF*1L*12130~REF*CE*RENFREW CENTER OF MARYLAND~REF*EA*IDX133498X6~DTM*232*20250805~DTM*233*20250808~DTM*050*20250813~SVC*HC:H0035*-1500*0*0912*0**-1~DTM*472*20250805~CAS*CO*252*-1500~REF*6R*CX144458X67422.002~LQ*HE*N706~SVC*HC:H0035*-1500*0*0912*0**-1~DTM*472*20250806~CAS*CO*252*-1500~REF*6R*CX144458X67423.001~LQ*HE*N706~SVC*HC:H0035*-1500*0*0912*0**-1~DTM*472*20250807~CAS*CO*252*-1500~REF*6R*CX144458X67424.001~LQ*HE*N706~SVC*HC:H0035*-1500*0*0912*0**-1~DTM*472*20250808~CAS*CO*252*-1500~REF*6R*CX144458X67425.003~LQ*HE*N706~CLP*CX144458X1*1*6000*1931.2*340.8*15*25XG77970601*13~NM1*QC*1*SWESNIK*SYDNEY****MI*08064772803~NM1*IL*1*TRAIL*NATHAN****MI*F32648520~NM1*74*1******C*080647728~REF*G1*GJCNMT-01~REF*1L*12130~REF*CE*RENFREW CENTER OF MARYLAND~REF*EA*IDX133498X6~DTM*232*20250805~DTM*233*20250808~DTM*050*20250813~AMT*AU*2272~SVC*HC:H0035*1500*482.8*0912*1~DTM*472*20250805~CAS*PR*2*85.2~CAS*OA*23*932~REF*6R*CX144458X67422.002~AMT*B6*568~SVC*HC:H0035*1500*482.8*0912*1~DTM*472*20250806~CAS*PR*2*85.2~CAS*OA*23*932~REF*6R*CX144458X67423.001~AMT*B6*568~SVC*HC:H0035*1500*482.8*0912*1~DTM*472*20250807~CAS*PR*2*85.2~CAS*OA*23*932~REF*6R*CX144458X67424.001~AMT*B6*568~SVC*HC:H0035*1500*482.8*0912*1~DTM*472*20250808~CAS*PR*2*85.2~CAS*OA*23*932~REF*6R*CX144458X67425.003~AMT*B6*568~SE*84*000000001~ST*835*000000002~BPR*I*2210.85*C*ACH*CCP*01*124384877*DA*1470858534*1411289245*000087726*01*121000248*DA*4122170038*20260715~TRN*1*26192B1000020472*1411289245*000087726~REF*EV*B00099999800~DTM*405*20260711~N1*PR*UNITED HEALTHCARE INSURANCE COMPANY~N3*PO BOX 30755~N4*SALT LAKE CITY*UT*841300755~REF*2U*87726~PER*CX*UNITED BEHAVIORAL HEALTH*TE*8003338724~PER*BL*UNKNOWN*UR*WWW.UNITEDHEALTHCAREONLINE.COM/B2C/CONTACTUS.DO~N1*PE*THE RENFREW CENTER OF MARYLAND LLC*XX*1093940405~N3*PO BOX 823700~N4*PHILADELPHIA*PA*19182~REF*TJ*264628647~LX*1~CLP*CX145677X1*22*-6750*0**15*25XH63253700*13*1~NM1*QC*1*SWESNIK*SYDNEY****MI*08064772803~NM1*IL*1*TRAIL*NATHAN****MI*F32648520~NM1*74*1******C*080647728~REF*G1*QG1CRD-01~REF*1L*12130~REF*CE*RENFREW CENTER OF MARYLAND~REF*EA*IDX133498X7~DTM*232*20250812~DTM*233*20250828~DTM*050*20250910~SVC*HC:S9480*-750*0*0905*0**-1~DTM*472*20250812~CAS*CO*252*-750~REF*6R*CX145677X67429.001~LQ*HE*N706~SVC*HC:S9480*-750*0*0905*0**-1~DTM*472*20250813~CAS*CO*252*-750~REF*6R*CX145677X67430.001~LQ*HE*N706~SVC*HC:S9480*-750*0*0905*0**-1~DTM*472*20250814~CAS*CO*252*-750~REF*6R*CX145677X67431.001~LQ*HE*N706~SVC*HC:S9480*-750*0*0905*0**-1~DTM*472*20250819~CAS*CO*252*-750~REF*6R*CX145677X67436.001~LQ*HE*N706~SVC*HC:S9480*-750*0*0905*0**-1~DTM*472*20250820~CAS*CO*252*-750~REF*6R*CX145677X67437.001~LQ*HE*N706~SVC*HC:S9480*-750*0*0905*0**-1~DTM*472*20250821~CAS*CO*252*-750~REF*6R*CX145677X67438.001~LQ*HE*N706~SVC*HC:S9480*-750*0*0905*0**-1~DTM*472*20250826~CAS*CO*252*-750~REF*6R*CX145677X67443.001~LQ*HE*N706~SVC*HC:S9480*-750*0*0905*0**-1~DTM*472*20250827~CAS*CO*252*-750~REF*6R*CX145677X67444.001~LQ*HE*N706~SVC*HC:S9480*-750*0*0905*0**-1~DTM*472*20250828~CAS*CO*252*-750~REF*6R*CX145677X67445.001~LQ*HE*N706~CLP*CX145677X1*1*6750*2210.85*390.15*15*25XH63253701*13~NM1*QC*1*SWESNIK*SYDNEY****MI*08064772803~NM1*IL*1*TRAIL*NATHAN****MI*F32648520~NM1*74*1******C*080647728~REF*G1*QG1CRD-01~REF*1L*12130~REF*CE*RENFREW CENTER OF MARYLAND~REF*EA*IDX133498X7~DTM*232*20250812~DTM*233*20250828~DTM*050*20250910~AMT*AU*2601~SVC*HC:S9480*750*245.65*0905*1~DTM*472*20250812~CAS*PR*2*43.35~CAS*OA*23*461~REF*6R*CX145677X67429.001~AMT*B6*289~SVC*HC:S9480*750*245.65*0905*1~DTM*472*20250813~CAS*PR*2*43.35~CAS*OA*23*461~REF*6R*CX145677X67430.001~AMT*B6*289~SVC*HC:S9480*750*245.65*0905*1~DTM*472*20250814~CAS*PR*2*43.35~CAS*OA*23*461~REF*6R*CX145677X67431.001~AMT*B6*289~SVC*HC:S9480*750*245.65*0905*1~DTM*472*20250819~CAS*PR*2*43.35~CAS*OA*23*461~REF*6R*CX145677X67436.001~AMT*B6*289~SVC*HC:S9480*750*245.65*0905*1~DTM*472*20250820~CAS*PR*2*43.35~CAS*OA*23*461~REF*6R*CX145677X67437.001~AMT*B6*289~SVC*HC:S9480*750*245.65*0905*1~DTM*472*20250821~CAS*PR*2*43.35~CAS*OA*23*461~REF*6R*CX145677X67438.001~AMT*B6*289~SVC*HC:S9480*750*245.65*0905*1~DTM*472*20250826~CAS*PR*2*43.35~CAS*OA*23*461~REF*6R*CX145677X67443.001~AMT*B6*289~SVC*HC:S9480*750*245.65*0905*1~DTM*472*20250827~CAS*PR*2*43.35~CAS*OA*23*461~REF*6R*CX145677X67444.001~AMT*B6*289~SVC*HC:S9480*750*245.65*0905*1~DTM*472*20250828~CAS*PR*2*43.35~CAS*OA*23*461~REF*6R*CX145677X67445.001~AMT*B6*289~SE*139*000000002~ST*835*000000003~BPR*I*1448.4*C*ACH*CCP*01*124384877*DA*1470858534*1411289245*000087726*01*121000248*DA*4122170038*20260715~TRN*1*26192B1000020473*1411289245*000087726~REF*EV*B00099999800~DTM*405*20260711~N1*PR*UNITED HEALTHCARE INSURANCE COMPANY~N3*PO BOX 30755~N4*SALT LAKE CITY*UT*841300755~REF*2U*87726~PER*CX*UNITED BEHAVIORAL HEALTH*TE*8003338724~PER*BL*UNKNOWN*UR*WWW.UNITEDHEALTHCAREONLINE.COM/B2C/CONTACTUS.DO~N1*PE*THE RENFREW CENTER OF MARYLAND LLC*XX*1093940405~N3*PO BOX 823700~N4*PHILADELPHIA*PA*19182~REF*TJ*264628647~LX*1~CLP*CX143953X1*22*-4500*0**15*25XG53196600*13*2~NM1*QC*1*SWESNIK*SYDNEY****MI*08064772803~NM1*IL*1*TRAIL*NATHAN****MI*F32648520~NM1*74*1******C*080647728~REF*G1*GJCNMT-01~REF*1L*12130~REF*CE*RENFREW CENTER OF MARYLAND~REF*EA*IDX133498X6~DTM*232*20250728~DTM*233*20250731~DTM*050*20250805~SVC*HC:H0035*-1500*0*0912*0**-1~DTM*472*20250728~CAS*CO*252*-1500~REF*6R*CX143953X67414.002~LQ*HE*N706~SVC*HC:H0035*-1500*0*0912*0**-1~DTM*472*20250729~CAS*CO*252*-1500~REF*6R*CX143953X67415.001~LQ*HE*N706~SVC*HC:H0035*-1500*0*0912*0**-1~DTM*472*20250731~CAS*CO*252*-1500~REF*6R*CX143953X67417.001~LQ*HE*N706~CLP*CX143953X1*1*4500*1448.4*255.6*15*25XG53196601*13~NM1*QC*1*SWESNIK*SYDNEY****MI*08064772803~NM1*IL*1*TRAIL*NATHAN****MI*F32648520~NM1*74*1******C*080647728~REF*G1*GJCNMT-01~REF*1L*12130~REF*CE*RENFREW CENTER OF MARYLAND~REF*EA*IDX133498X6~DTM*232*20250728~DTM*233*20250731~DTM*050*20250805~AMT*AU*1704~SVC*HC:H0035*1500*482.8*0912*1~DTM*472*20250728~CAS*PR*2*85.2~CAS*OA*23*932~REF*6R*CX143953X67414.002~AMT*B6*568~SVC*HC:H0035*1500*482.8*0912*1~DTM*472*20250729~CAS*PR*2*85.2~CAS*OA*23*932~REF*6R*CX143953X67415.001~AMT*B6*568~SVC*HC:H0035*1500*482.8*0912*1~DTM*472*20250731~CAS*PR*2*85.2~CAS*OA*23*932~REF*6R*CX143953X67417.001~AMT*B6*568~SE*73*000000003~GE*3*956003818~IEA*1*956003818~