ISA*00*          *00*          *ZZ*CHC            *ZZ*00962249       *260611*0955*^*00501*244006491*0*P*:~GS*HP*CHC*00962249*20260611*09552500*244006491*X*005010X221A1~ST*835*000000001~BPR*I*3208*C*CHK************20260610~TRN*1*964953833*1411648670~REF*EV*133052274~REF*F2*PM~DTM*405*20260611~N1*PR*EVERNORTH BEHAVIORAL HEALTH, INC.~N3*P.O. BOX 182223~N4*CHATTANOOGA*TN*374227223~REF*2U*62308~PER*BL*EDI HELP DESK*TE*8008103388~N1*PE*RENFREW CTR OF NEW YORK*XX*1568561298~N3*PO BOX 713700~N4*PHILADELPHIA*PA*191713700~REF*TJ*522227870~LX*1~TS3*1568561298*13*20261231*1*6000~CLP*CX156505X1*1*6000*3208**13*8672616192180*13*2~NM1*QC*1*WEINTRAUB*EMILY*B***MI*U9354088401~REF*1L*3333622~REF*CE*OPEN ACCESS PLUS IN-NETWORK~REF*EA*IDX136141X3~REF*G1*NO AUTH REQUIRED~DTM*050*20260610~DTM*232*20260601~DTM*233*20260604~PER*CX*MEMBER SERVICES*TE*8002446224~AMT*AU*3208~SVC*HC:H0035*1500*802*0912*1~DTM*150*20260601~DTM*151*20260601~CAS*CO*45*698~REF*6R*CX156505X67722.002~AMT*B6*802~SVC*HC:H0035*1500*802*0912*1~DTM*150*20260602~DTM*151*20260602~CAS*CO*45*698~REF*6R*CX156505X67723.001~AMT*B6*802~SVC*HC:H0035*1500*802*0912*1~DTM*150*20260603~DTM*151*20260603~CAS*CO*45*698~REF*6R*CX156505X67724.003~AMT*B6*802~SVC*HC:H0035*1500*802*0912*1~DTM*150*20260604~DTM*151*20260604~CAS*CO*45*698~REF*6R*CX156505X67725.001~AMT*B6*802~SE*53*000000001~GE*1*244006491~IEA*1*244006491~