ISA*00*          *00*          *ZZ*CHC            *ZZ*00962249       *260715*1220*^*00501*149808656*0*P*:‾GS*HP*CHC*00962249*20260715*12205900*149808656*X*005010X221A1‾ST*835*000000001‾BPR*I*11486*C*ACH*CCP*01*043301627*DA*1069954659C*1341858379**01*121000248*DA*4122170038*20260717‾TRN*1*1255068157*1341858379‾DTM*405*20260715‾N1*PR*INDEPENDENCE BLUE CROSS, LLC‾N3*1901 MARKET STREET‾N4*PHILADELPHIA*PA*19103‾REF*2U*SX055‾PER*CX*EDI SUPPORT TEAM*FX*4408355656*TE*4408353511‾PER*BL*EDI SUPPORT TEAM‾N1*PE*PA THE RENFREW CENTERS*XX*1417971904‾N3*PO BOX 823700‾N4*PHILADELPHIA*PA*19182‾REF*TJ*200994813‾LX*1‾CLP*CX157432X3*1*6000*2696*180*ZZ*2026188039735*13*3‾NM1*QC*1*SMITH*AMANDA****MI*2505364700‾NM1*IL*1*SMITH*DANA*K.***MI*2505364700‾REF*CE*902147893‾DTM*232*20260629‾DTM*233*20260702‾DTM*050*20260709‾PER*CX**TE*4408353511‾AMT*AU*2876‾SVC*NU:0912*1500*674**1**0‾DTM*472*20260629‾CAS*CO*45*781*1‾CAS*PR*3*45*1‾REF*6R*CX157432X67750.003‾AMT*B6*719‾SVC*NU:0912*1500*674**1**0‾DTM*472*20260630‾CAS*CO*45*781*1‾CAS*PR*3*45*1‾REF*6R*CX157432X67751.001‾AMT*B6*719‾SVC*NU:0912*1500*674**1**0‾DTM*472*20260701‾CAS*CO*45*781*1‾CAS*PR*3*45*1‾REF*6R*CX157432X67752.001‾AMT*B6*719‾SVC*NU:0912*1500*674**1**0‾DTM*472*20260702‾CAS*CO*45*781*1‾CAS*PR*3*45*1‾REF*6R*CX157432X67753.001‾AMT*B6*719‾CLP*CX157431X2*1*6000*2716*160*ZZ*2026188039737*13*3‾NM1*QC*1*KEARNEY*ROSE****MI*2518961400‾NM1*IL*1*KEARNEY*CHRISTOPHER*L***MI*2518961400‾REF*CE*902133322‾DTM*232*20260629‾DTM*233*20260702‾DTM*050*20260709‾PER*CX**TE*4408353511‾AMT*AU*2876‾SVC*NU:0912*1500*689**1**0‾DTM*472*20260629‾CAS*CO*45*781*1‾CAS*PR*3*30*1‾REF*6R*CX157431X67750.003‾AMT*B6*719‾SVC*NU:0912*1500*689**1**0‾DTM*472*20260630‾CAS*CO*45*781*1‾CAS*PR*3*30*1‾REF*6R*CX157431X67751.002‾AMT*B6*719‾SVC*NU:0912*1500*669**1**0‾DTM*472*20260701‾CAS*CO*45*781*1‾CAS*PR*3*50*1‾REF*6R*CX157431X67752.001‾AMT*B6*719‾SVC*NU:0912*1500*669**1**0‾DTM*472*20260702‾CAS*CO*45*781*1‾CAS*PR*3*50*1‾REF*6R*CX157431X67753.001‾AMT*B6*719‾CLP*CX157433X4*1*6000*2876**ZZ*2026188039743*13*4‾NM1*QC*1*GROVE*VERONICA****MI*2504026800‾NM1*IL*1*GROVE*FRANS****MI*2504026800‾REF*CE*902139330‾DTM*232*20260629‾DTM*233*20260702‾DTM*050*20260709‾PER*CX**TE*4408353511‾AMT*AU*2876‾SVC*NU:0912*1500*719**1**0‾DTM*472*20260629‾CAS*CO*45*781*1‾REF*6R*CX157433X67750.003‾AMT*B6*719‾SVC*NU:0912*1500*719**1**0‾DTM*472*20260630‾CAS*CO*45*781*1‾REF*6R*CX157433X67751.001‾AMT*B6*719‾SVC*NU:0912*1500*719**1**0‾DTM*472*20260701‾CAS*CO*45*781*1‾REF*6R*CX157433X67752.001‾AMT*B6*719‾SVC*NU:0912*1500*719**1**0‾DTM*472*20260702‾CAS*CO*45*781*1‾REF*6R*CX157433X67753.001‾AMT*B6*719‾CLP*CX157441X4*1*2250*1131*45*ZZ*2026188039746*13*3‾NM1*QC*1*PENCE*KAIA****MI*2520217300‾NM1*IL*1*PENCE*DAVID*R***MI*2520217300‾REF*CE*902132927‾DTM*232*20260630‾DTM*233*20260702‾DTM*050*20260709‾PER*CX**TE*4408353511‾AMT*AU*1176‾SVC*NU:0905*750*377**1**0‾DTM*472*20260630‾CAS*CO*45*358*1‾CAS*PR*3*15*1‾REF*6R*CX157441X67751.002‾AMT*B6*392‾SVC*NU:0905*750*377**1**0‾DTM*472*20260701‾CAS*CO*45*358*1‾CAS*PR*3*15*1‾REF*6R*CX157441X67752.001‾AMT*B6*392‾SVC*NU:0905*750*377**1**0‾DTM*472*20260702‾CAS*CO*45*358*1‾CAS*PR*3*15*1‾REF*6R*CX157441X67753.001‾AMT*B6*392‾CLP*CX157428X2*1*4500*2067*90*ZZ*2026188039750*13*3‾NM1*QC*1*MIFFLIN*LILLI*E***MI*2500496300‾NM1*IL*1*MIFFLIN*JASON*W***MI*2500496300‾REF*CE*902144202‾DTM*232*20260629‾DTM*233*20260701‾DTM*050*20260709‾PER*CX**TE*4408353511‾AMT*AU*2157‾SVC*NU:0912*1500*689**1**0‾DTM*472*20260629‾CAS*CO*45*781*1‾CAS*PR*3*30*1‾REF*6R*CX157428X67750.004‾AMT*B6*719‾SVC*NU:0912*1500*689**1**0‾DTM*472*20260630‾CAS*CO*45*781*1‾CAS*PR*3*30*1‾REF*6R*CX157428X67751.002‾AMT*B6*719‾SVC*NU:0912*1500*689**1**0‾DTM*472*20260701‾CAS*CO*45*781*1‾CAS*PR*3*30*1‾REF*6R*CX157428X67752.003‾AMT*B6*719‾SE*165*000000001‾ST*835*000000002‾BPR*I*21775.3*C*ACH*CCP*01*043301627*DA*1069954659C*1341858379**01*121000248*DA*4122170038*20260717‾TRN*1*1255068156*1341858379‾DTM*405*20260715‾N1*PR*INDEPENDENCE ADMINISTRATORS‾N3*PO BOX 21974‾N4*EAGAN*MN*55121‾REF*2U*SX055‾PER*CX*EDI SUPPORT TEAM*FX*4408355656*TE*4408353511‾PER*BL*EDI SUPPORT TEAM‾N1*PE*PA THE RENFREW CENTERS*XX*1417971904‾N3*PO BOX 823700‾N4*PHILADELPHIA*PA*19182‾REF*TJ*200994813‾LX*1‾CLP*CX157139X2*1*21000*9947**ZZ*2026183054355*11*3‾NM1*QC*1*GRAHAM*NICOLE*M***MI*2067457800‾NM1*IL*1*GRAHAM*DONNA*M***MI*2067457800‾REF*CE*902155827‾DTM*232*20260622‾DTM*233*20260628‾DTM*050*20260709‾PER*CX**TE*4408353511‾AMT*AU*9947‾SVC*NU:1001*3000*1421**1**0‾DTM*472*20260622‾CAS*CO*45*1579*1‾REF*6R*CX157139X67743.003‾AMT*B6*1421‾SVC*NU:1001*3000*1421**1**0‾DTM*472*20260623‾CAS*CO*45*1579*1‾REF*6R*CX157139X67744.003‾AMT*B6*1421‾SVC*NU:1001*3000*1421**1**0‾DTM*472*20260624‾CAS*CO*45*1579*1‾REF*6R*CX157139X67745.003‾AMT*B6*1421‾SVC*NU:1001*3000*1421**1**0‾DTM*472*20260625‾CAS*CO*45*1579*1‾REF*6R*CX157139X67746.003‾AMT*B6*1421‾SVC*NU:1001*3000*1421**1**0‾DTM*472*20260626‾CAS*CO*45*1579*1‾REF*6R*CX157139X67747.002‾AMT*B6*1421‾SVC*NU:1001*3000*1421**1**0‾DTM*472*20260627‾CAS*CO*45*1579*1‾REF*6R*CX157139X67748.001‾AMT*B6*1421‾SVC*NU:1001*3000*1421**1**0‾DTM*472*20260628‾CAS*CO*45*1579*1‾REF*6R*CX157139X67749.002‾AMT*B6*1421‾CLP*CX157138X1*1*21000*8952.3*994.7*ZZ*2026183054364*11*3‾NM1*QC*1*LAMPMAN*ALEXIS****MI*1249585000‾NM1*IL*1*JOHNSON*STACEY****MI*1249585000‾REF*CE*902122091‾DTM*232*20260622‾DTM*233*20260628‾DTM*050*20260709‾PER*CX**TE*4408353511‾AMT*AU*9947‾SVC*NU:1001*3000*1278.9**1**0‾DTM*472*20260622‾CAS*CO*45*1579*1‾CAS*PR*2*142.1*1‾REF*6R*CX157138X67743.002‾AMT*B6*1421‾SVC*NU:1001*3000*1278.9**1**0‾DTM*472*20260623‾CAS*CO*45*1579*1‾CAS*PR*2*142.1*1‾REF*6R*CX157138X67744.003‾AMT*B6*1421‾SVC*NU:1001*3000*1278.9**1**0‾DTM*472*20260624‾CAS*CO*45*1579*1‾CAS*PR*2*142.1*1‾REF*6R*CX157138X67745.002‾AMT*B6*1421‾SVC*NU:1001*3000*1278.9**1**0‾DTM*472*20260625‾CAS*CO*45*1579*1‾CAS*PR*2*142.1*1‾REF*6R*CX157138X67746.001‾AMT*B6*1421‾SVC*NU:1001*3000*1278.9**1**0‾DTM*472*20260626‾CAS*CO*45*1579*1‾CAS*PR*2*142.1*1‾REF*6R*CX157138X67747.003‾AMT*B6*1421‾SVC*NU:1001*3000*1278.9**1**0‾DTM*472*20260627‾CAS*CO*45*1579*1‾CAS*PR*2*142.1*1‾REF*6R*CX157138X67748.001‾AMT*B6*1421‾SVC*NU:1001*3000*1278.9**1**0‾DTM*472*20260628‾CAS*CO*45*1579*1‾CAS*PR*2*142.1*1‾REF*6R*CX157138X67749.003‾AMT*B6*1421‾CLP*CX157429X3*1*6000*2876**ZZ*2026188039744*13*3‾NM1*QC*1*GREGORY*HADLEY****MI*1959704900‾NM1*IL*1*GREGORY*KEVIN*M***MI*1959704900‾REF*CE*902125450‾DTM*232*20260629‾DTM*233*20260702‾DTM*050*20260709‾PER*CX**TE*4408353511‾AMT*AU*2876‾SVC*NU:0912*1500*719**1**0‾DTM*472*20260629‾CAS*CO*45*781*1‾REF*6R*CX157429X67750.004‾AMT*B6*719‾SVC*NU:0912*1500*719**1**0‾DTM*472*20260630‾CAS*CO*45*781*1‾REF*6R*CX157429X67751.003‾AMT*B6*719‾SVC*NU:0912*1500*719**1**0‾DTM*472*20260701‾CAS*CO*45*781*1‾REF*6R*CX157429X67752.003‾AMT*B6*719‾SVC*NU:0912*1500*719**1**0‾DTM*472*20260702‾CAS*CO*45*781*1‾REF*6R*CX157429X67753.002‾AMT*B6*719‾SE*140*000000002‾ST*835*000000003‾BPR*I*784*C*ACH*CCP*01*043301627*DA*1069954659C*1341858379**01*121000248*DA*4122170038*20260717‾TRN*1*1255068158*1341858379‾DTM*405*20260715‾N1*PR*INDEPENDENCE BLUE CROSS, LLC‾N3*1901 MARKET STREET‾N4*PHILADELPHIA*PA*19103‾REF*2U*SX055‾PER*CX*EDI SUPPORT TEAM*FX*4408355656*TE*4408353511‾PER*BL*EDI SUPPORT TEAM‾N1*PE*PA THE RENFREW CENTERS*XX*1417971904‾N3*PO BOX 823700‾N4*PHILADELPHIA*PA*19182‾REF*TJ*200994813‾LX*1‾CLP*CX157443X6*1*1500*784**ZZ*2026188039745*13*3‾NM1*QC*1*MUNOZ*SOPHIA*L***MI*2504776000‾NM1*IL*1*MUNOZ*ROBERT*H***MI*2504776000‾REF*CE*902148397‾DTM*232*20260629‾DTM*233*20260701‾DTM*050*20260709‾PER*CX**TE*4408353511‾AMT*AU*784‾SVC*NU:0905*750*392**1**0‾DTM*472*20260629‾CAS*CO*45*358*1‾REF*6R*CX157443X67750.001‾AMT*B6*392‾SVC*NU:0905*750*392**1**0‾DTM*472*20260701‾CAS*CO*45*358*1‾REF*6R*CX157443X67752.001‾AMT*B6*392‾SE*35*000000003‾GE*3*149808656‾IEA*1*149808656‾