ISA*00*          *00*          *ZZ*CHC            *ZZ*00962249       *260625*0618*^*00501*454206086*0*P*:~GS*HP*CHC*00962249*20260625*06183500*454206086*X*005010X221A1~ST*835*000000001~BPR*I*2300*C*ACH*CCP*01*031100209*DA*0000009108*1066033492**01*121000248*DA*4122170038*20260630~TRN*1*826176000007698*1066033492~REF*EV*133052274~DTM*405*20260625~N1*PR*AETNA~N3*151 FARMINGTON AVENUE~N4*HARTFORD*CT*06156~REF*2U*60054~PER*BL*PROVIDER SERVICE~N1*PE*THE RENFREW CENTER OF MARYLAND, LLC*XX*1093940405~N3*PO BOX 823700~N4*PHILADELPHIA*PA*191823700~REF*PQ*166347640~REF*TJ*264628647~LX*1~TS3*1093940405*52*20261231*1*7500~CLP*CX156783X1*1*7500*2300*575*12*E2616900710000*13*2~NM1*QC*1*RAMIREZ*STEPHANIE****MI*W275038764~REF*1L*0474952-036-00108-UA~REF*CE*PPO-MEDICAL NET 00098~DTM*232*20260608~DTM*233*20260612~DTM*050*20260618~PER*CX**TE*8886323862~AMT*AU*7500~SVC*HC:H0035*1500*460**1~DTM*472*20260608~CAS*CO*45*925~CAS*PR*2*115~REF*6R*CX156783X67729.001~AMT*B6*575~SVC*HC:H0035*1500*460**1~DTM*472*20260609~CAS*CO*45*925~CAS*PR*2*115~REF*6R*CX156783X67730.002~AMT*B6*575~SVC*HC:H0035*1500*460**1~DTM*472*20260610~CAS*CO*45*925~CAS*PR*2*115~REF*6R*CX156783X67731.003~AMT*B6*575~SVC*HC:H0035*1500*460**1~DTM*472*20260611~CAS*CO*45*925~CAS*PR*2*115~REF*6R*CX156783X67732.001~AMT*B6*575~SVC*HC:H0035*1500*460**1~DTM*472*20260612~CAS*CO*45*925~CAS*PR*2*115~REF*6R*CX156783X67733.002~AMT*B6*575~SE*57*000000001~GE*1*454206086~IEA*1*454206086~