ISA*00*          *00*          *ZZ*CHC            *ZZ*00962249       *260614*0632*^*00501*446804700*0*P*:~GS*HP*CHC*00962249*20260614*06323300*446804700*X*005010X221A1~ST*835*000000001~BPR*I*9858*C*ACH*CCP*01*031100225*DA*4058564014/*1220999690*999999999*01*121000248*DA*4122170038*20260612~TRN*1*0077280809*1220999690*8352026061303139726~REF*EV*1164514691~DTM*405*20260612~N1*PR*HORIZON BCBSNJ~N3*P O  BOX 420~N4*NEWARK*NJ*071010420~REF*2U*22099~PER*BL*HORIZON BCBSNJ*EM*HORIZONEDI@HORIZONBLUE.COM*TE*8883349242~N1*PE*THE RENFREW CENTER OF NEW JERS*XX*1164514691~N3*PO BOX 713700~N4*PHILADELPHIA*PA*191713700~REF*PQ*001368~REF*TJ*223704728~LX*1~CLP*CX154538X1*22*-23250*0**13*780202611409589   01*13*1~NM1*QC*1*JOSEPH*SARA****MI*NJX3HZN38029330~NM1*IL*1*JOSEPH*KARYN****MI*NJX3HZN38029330~NM1*74*1******C*NJX3HZN380293300~NM1*82*2*ASHLEY  HOADLEY*****XX*1821357682~DTM*232*20251106~DTM*233*20260129~DTM*050*20260603~PER*CX*NATIONAL ACCOUNTS PPO*TE*8006244758~SVC*HC:S9480*-750*0*0905*1~DTM*472*20260105~CAS*CO*197*-750~REF*6R*CX154538X67575.003~REF*APC*00000~SVC*HC:S9480*-750*0*0905*1~DTM*472*20260107~CAS*CO*197*-750~REF*6R*CX154538X67577.003~REF*APC*00000~SVC*HC:S9480*-750*0*0905*1~DTM*472*20260109~CAS*CO*197*-750~REF*6R*CX154538X67579.005~REF*APC*00000~SVC*HC:S9480*-750*0*0905*1~DTM*472*20260112~CAS*CO*197*-750~REF*6R*CX154538X67582.003~REF*APC*00000~SVC*HC:S9480*-750*0*0905*1~DTM*472*20260114~CAS*CO*197*-750~REF*6R*CX154538X67584.001~REF*APC*00000~SVC*HC:S9480*-750*0*0905*1~DTM*472*20260115~CAS*CO*197*-750~REF*6R*CX154538X67585.003~REF*APC*00000~SVC*HC:S9480*-750*0*0905*1~DTM*472*20260119~CAS*CO*197*-750~REF*6R*CX154538X67589.002~REF*APC*00000~SVC*HC:S9480*-750*0*0905*1~DTM*472*20260122~CAS*CO*197*-750~REF*6R*CX154538X67592.003~REF*APC*00000~SVC*HC:S9480*-750*0*0905*1~DTM*472*20260126~CAS*CO*197*-750~REF*6R*CX154538X67596.005~REF*APC*00000~SVC*HC:S9480*-750*0*0905*1~DTM*472*20260128~CAS*CO*197*-750~REF*6R*CX154538X67598.001~REF*APC*00000~SVC*HC:S9480*-750*0*0905*1~DTM*472*20260129~CAS*CO*197*-750~REF*6R*CX154538X67599.001~REF*APC*00000~SVC*HC:S9480*-750*0*0905*1~DTM*472*20251106~CAS*CO*197*-750~REF*6R*CX154538X67515.004~REF*APC*00000~SVC*HC:S9480*-750*0*0905*1~DTM*472*20251110~CAS*CO*197*-750~REF*6R*CX154538X67519.003~REF*APC*00000~SVC*HC:S9480*-750*0*0905*1~DTM*472*20251112~CAS*CO*197*-750~REF*6R*CX154538X67521.003~REF*APC*00000~SVC*HC:S9480*-750*0*0905*1~DTM*472*20251113~CAS*CO*197*-750~REF*6R*CX154538X67522.002~REF*APC*00000~SVC*HC:S9480*-750*0*0905*1~DTM*472*20251117~CAS*CO*197*-750~REF*6R*CX154538X67526.002~REF*APC*00000~SVC*HC:S9480*-750*0*0905*1~DTM*472*20251120~CAS*CO*197*-750~REF*6R*CX154538X67529.002~REF*APC*00000~SVC*HC:S9480*-750*0*0905*1~DTM*472*20251124~CAS*CO*197*-750~REF*6R*CX154538X67533.003~REF*APC*00000~SVC*HC:S9480*-750*0*0905*1~DTM*472*20251126~CAS*CO*197*-750~REF*6R*CX154538X67535.004~REF*APC*00000~SVC*HC:S9480*-750*0*0905*1~DTM*472*20251203~CAS*CO*197*-750~REF*6R*CX154538X67542.001~REF*APC*00000~SVC*HC:S9480*-750*0*0905*1~DTM*472*20251204~CAS*CO*197*-750~REF*6R*CX154538X67543.001~REF*APC*00000~SVC*HC:S9480*-750*0*0905*1~DTM*472*20251208~CAS*CO*197*-750~REF*6R*CX154538X67547.003~REF*APC*00000~SVC*HC:S9480*-750*0*0905*1~DTM*472*20251210~CAS*CO*197*-750~REF*6R*CX154538X67549.002~REF*APC*00000~SVC*HC:S9480*-750*0*0905*1~DTM*472*20251211~CAS*CO*197*-750~REF*6R*CX154538X67550.002~REF*APC*00000~SVC*HC:S9480*-750*0*0905*1~DTM*472*20251215~CAS*CO*197*-750~REF*6R*CX154538X67554.004~REF*APC*00000~SVC*HC:S9480*-750*0*0905*1~DTM*472*20251217~CAS*CO*197*-750~REF*6R*CX154538X67556.003~REF*APC*00000~SVC*HC:S9480*-750*0*0905*1~DTM*472*20251218~CAS*CO*197*-750~REF*6R*CX154538X67557.001~REF*APC*00000~SVC*HC:S9480*-750*0*0905*1~DTM*472*20251223~CAS*CO*197*-750~REF*6R*CX154538X67562.003~REF*APC*00000~SVC*HC:S9480*-750*0*0905*1~DTM*472*20251224~CAS*CO*197*-750~REF*6R*CX154538X67563.004~REF*APC*00000~SVC*HC:S9480*-750*0*0905*1~DTM*472*20251229~CAS*CO*197*-750~REF*6R*CX154538X67568.005~REF*APC*00000~SVC*HC:S9480*-750*0*0905*1~DTM*472*20251231~CAS*CO*197*-750~REF*6R*CX154538X67570.001~REF*APC*00000~CLP*CX154538X1*1*23250*9858**13*780202611409589   02*13*1~NM1*QC*1*JOSEPH*SARA****MI*NJX3HZN38029330~NM1*IL*1*JOSEPH*KARYN****MI*NJX3HZN38029330~NM1*74*1******C*NJX3HZN380293300~NM1*82*2*ASHLEY  HOADLEY*****XX*1821357682~DTM*232*20251106~DTM*233*20260129~DTM*050*20260603~PER*CX*NATIONAL ACCOUNTS PPO*TE*8006244758~AMT*AU*9858~AMT*T2*9858~SVC*HC:S9480*750*318*0905*1~DTM*472*20251106~CAS*CO*45*432~REF*6R*CX154538X67515.004~REF*APC*00000~AMT*B6*318~SVC*HC:S9480*750*318*0905*1~DTM*472*20251110~CAS*CO*45*432~REF*6R*CX154538X67519.003~REF*APC*00000~AMT*B6*318~SVC*HC:S9480*750*318*0905*1~DTM*472*20251112~CAS*CO*45*432~REF*6R*CX154538X67521.003~REF*APC*00000~AMT*B6*318~SVC*HC:S9480*750*318*0905*1~DTM*472*20251113~CAS*CO*45*432~REF*6R*CX154538X67522.002~REF*APC*00000~AMT*B6*318~SVC*HC:S9480*750*318*0905*1~DTM*472*20251117~CAS*CO*45*432~REF*6R*CX154538X67526.002~REF*APC*00000~AMT*B6*318~SVC*HC:S9480*750*318*0905*1~DTM*472*20251120~CAS*CO*45*432~REF*6R*CX154538X67529.002~REF*APC*00000~AMT*B6*318~SVC*HC:S9480*750*318*0905*1~DTM*472*20251124~CAS*CO*45*432~REF*6R*CX154538X67533.003~REF*APC*00000~AMT*B6*318~SVC*HC:S9480*750*318*0905*1~DTM*472*20251126~CAS*CO*45*432~REF*6R*CX154538X67535.004~REF*APC*00000~AMT*B6*318~SVC*HC:S9480*750*318*0905*1~DTM*472*20251203~CAS*CO*45*432~REF*6R*CX154538X67542.001~REF*APC*00000~AMT*B6*318~SVC*HC:S9480*750*318*0905*1~DTM*472*20251204~CAS*CO*45*432~REF*6R*CX154538X67543.001~REF*APC*00000~AMT*B6*318~SVC*HC:S9480*750*318*0905*1~DTM*472*20251208~CAS*CO*45*432~REF*6R*CX154538X67547.003~REF*APC*00000~AMT*B6*318~SVC*HC:S9480*750*318*0905*1~DTM*472*20251210~CAS*CO*45*432~REF*6R*CX154538X67549.002~REF*APC*00000~AMT*B6*318~SVC*HC:S9480*750*318*0905*1~DTM*472*20251211~CAS*CO*45*432~REF*6R*CX154538X67550.002~REF*APC*00000~AMT*B6*318~SVC*HC:S9480*750*318*0905*1~DTM*472*20251215~CAS*CO*45*432~REF*6R*CX154538X67554.004~REF*APC*00000~AMT*B6*318~SVC*HC:S9480*750*318*0905*1~DTM*472*20251217~CAS*CO*45*432~REF*6R*CX154538X67556.003~REF*APC*00000~AMT*B6*318~SVC*HC:S9480*750*318*0905*1~DTM*472*20251218~CAS*CO*45*432~REF*6R*CX154538X67557.001~REF*APC*00000~AMT*B6*318~SVC*HC:S9480*750*318*0905*1~DTM*472*20251223~CAS*CO*45*432~REF*6R*CX154538X67562.003~REF*APC*00000~AMT*B6*318~SVC*HC:S9480*750*318*0905*1~DTM*472*20251224~CAS*CO*45*432~REF*6R*CX154538X67563.004~REF*APC*00000~AMT*B6*318~SVC*HC:S9480*750*318*0905*1~DTM*472*20251229~CAS*CO*45*432~REF*6R*CX154538X67568.005~REF*APC*00000~AMT*B6*318~SVC*HC:S9480*750*318*0905*1~DTM*472*20251231~CAS*CO*45*432~REF*6R*CX154538X67570.001~REF*APC*00000~AMT*B6*318~SVC*HC:S9480*750*318*0905*1~DTM*472*20260105~CAS*CO*45*432~REF*6R*CX154538X67575.003~REF*APC*00000~AMT*B6*318~SVC*HC:S9480*750*318*0905*1~DTM*472*20260107~CAS*CO*45*432~REF*6R*CX154538X67577.003~REF*APC*00000~AMT*B6*318~SVC*HC:S9480*750*318*0905*1~DTM*472*20260109~CAS*CO*45*432~REF*6R*CX154538X67579.005~REF*APC*00000~AMT*B6*318~SVC*HC:S9480*750*318*0905*1~DTM*472*20260112~CAS*CO*45*432~REF*6R*CX154538X67582.003~REF*APC*00000~AMT*B6*318~SVC*HC:S9480*750*318*0905*1~DTM*472*20260114~CAS*CO*45*432~REF*6R*CX154538X67584.001~REF*APC*00000~AMT*B6*318~SVC*HC:S9480*750*318*0905*1~DTM*472*20260115~CAS*CO*45*432~REF*6R*CX154538X67585.003~REF*APC*00000~AMT*B6*318~SVC*HC:S9480*750*318*0905*1~DTM*472*20260119~CAS*CO*45*432~REF*6R*CX154538X67589.002~REF*APC*00000~AMT*B6*318~SVC*HC:S9480*750*318*0905*1~DTM*472*20260122~CAS*CO*45*432~REF*6R*CX154538X67592.003~REF*APC*00000~AMT*B6*318~SVC*HC:S9480*750*318*0905*1~DTM*472*20260126~CAS*CO*45*432~REF*6R*CX154538X67596.005~REF*APC*00000~AMT*B6*318~SVC*HC:S9480*750*318*0905*1~DTM*472*20260128~CAS*CO*45*432~REF*6R*CX154538X67598.001~REF*APC*00000~AMT*B6*318~SVC*HC:S9480*750*318*0905*1~DTM*472*20260129~CAS*CO*45*432~REF*6R*CX154538X67599.001~REF*APC*00000~AMT*B6*318~SE*378*000000001~GE*1*446804700~IEA*1*446804700~