ISA*00*          *00*          *ZZ*CHC            *ZZ*00962249       *260626*0717*^*00501*497407593*0*P*:~GS*HP*CHC*00962249*20260626*07172400*497407593*X*005010X221A1~ST*835*000000001~BPR*I*17414.31*C*ACH*CCP*01*124384877*DA*1470858534*1411289245*000087726*01*121000248*DA*4122170038*20260630~TRN*1*W363632193*1411289245*000087726~REF*EV*B00099999800~REF*F2*1083~DTM*405*20260625~N1*PR*UNITED HEALTHCARE INSURANCE COMPANY~N3*9900 BREN ROAD~N4*MINNETONKA*MN*553439664~REF*2U*87726~PER*CX*ATLANTA SERVICE CENTER*TE*8778423210~PER*BL*UNKNOWN*UR*WWW.UNITEDHEALTHCAREONLINE.COM/B2C/CONTACTUS.DO~N1*PE*THE RENFREW CENTER OF PENNSYLVANIA LLC*XX*1417971904~N3*PO BOX 823700~N4*PHILADELPHIA*PA*19182~REF*TJ*200994813~LX*1~TS3*1417971904*11*20261231*3*48000~CLP*CX156384X2*1*18000*6204.31*521.69*13*FU91799826 0089191845*11*2**887~NM1*QC*1*WEGNER*LAUREN~NM1*IL*1*WEGNER*TORSTEN****MI*984804946~REF*EA*IDX133114X9~REF*CE*CHOYC+~REF*BB*FRSVVU01~REF*G1*FRSVVU-01~REF*1L*928108~DTM*232*20260602~DTM*233*20260607~DTM*050*20260610~PER*CX*GREENSBORO SERVICE CENTER*TE*8778423210~AMT*AU*18000~SVC*NU:1001*3000*2086.76**1~DTM*150*20260602~DTM*151*20260607~CAS*PR*2*521.69~CAS*CO*45*391.55~REF*6R*CX156384X67723.004~AMT*B6*2608.45~SVC*NU:1001*3000*0**1~DTM*150*20260602~DTM*151*20260607~CAS*CO*97*3000~REF*6R*CX156384X67724.004~SVC*NU:1001*3000*0**1~DTM*150*20260602~DTM*151*20260607~CAS*CO*97*3000~REF*6R*CX156384X67725.003~SVC*NU:1001*3000*0**1~DTM*150*20260602~DTM*151*20260607~CAS*CO*97*3000~REF*6R*CX156384X67726.004~SVC*NU:1001*3000*1117.55**1~DTM*150*20260602~DTM*151*20260607~CAS*CO*97*1882.45~REF*6R*CX156384X67727.003~AMT*B6*1117.55~SVC*NU:1001*3000*3000**1~DTM*150*20260602~DTM*151*20260607~REF*6R*006~AMT*B6*3000~CLP*CX156394X1*1*9000*3363**14*FU91799847 0087467433*11*3**887~NM1*QC*1*FOX*FAITH~NM1*IL*1*FOX*FAITH****MI*926780481~NM1*74*1**PHILIP*R~MIA*0****MA15~REF*EA*IDX135102X4~REF*1L*920923~REF*BB*TS9QQT01~REF*CE*NEX OA~DTM*232*20260601~DTM*233*20260603~DTM*050*20260610~PER*CX*GREENSBORO SERVICE CENTER*TE*8778423210~AMT*AU*9000~SVC*NU:1001*3000*1121**1~DTM*150*20260601~DTM*151*20260603~CAS*CO*45*1879~REF*6R*CX156394X67722.002~AMT*B6*1121~SVC*NU:1001*3000*1121**1~DTM*150*20260601~DTM*151*20260603~CAS*CO*45*1879~REF*6R*CX156394X67723.003~AMT*B6*1121~SVC*NU:1001*3000*1121**1~DTM*150*20260601~DTM*151*20260603~CAS*CO*45*1879~REF*6R*CX156394X67724.003~AMT*B6*1121~CLP*CX156395X2*1*21000*7847**13*FU91799848 0010973744*11*3**883~NM1*QC*1*HAGENBUCH*PAIGE~NM1*IL*1*HAGENBUCH*STEVE****MI*967006133~NM1*74*1**STEVEN*P~REF*BB*AMF1HK01~REF*CE*CHOYC+~REF*EA*IDX135715X3~REF*1L*903046~REF*G1*AMF1HK-01~DTM*232*20260601~DTM*233*20260607~DTM*050*20260610~PER*CX*BUFFALO SERVICE CENTER*TE*8778423210~AMT*AU*21000~SVC*NU:1001*3000*1121**1~DTM*150*20260601~DTM*151*20260607~CAS*CO*45*1879~REF*6R*CX156395X67722.004~AMT*B6*1121~SVC*NU:1001*3000*1121**1~DTM*150*20260601~DTM*151*20260607~CAS*CO*45*1879~REF*6R*CX156395X67723.003~AMT*B6*1121~SVC*NU:1001*3000*1121**1~DTM*150*20260601~DTM*151*20260607~CAS*CO*45*1879~REF*6R*CX156395X67724.006~AMT*B6*1121~SVC*NU:1001*3000*1121**1~DTM*150*20260601~DTM*151*20260607~CAS*CO*45*1879~REF*6R*CX156395X67725.004~AMT*B6*1121~SVC*NU:1001*3000*1121**1~DTM*150*20260601~DTM*151*20260607~CAS*CO*45*1879~REF*6R*CX156395X67726.004~AMT*B6*1121~SVC*NU:1001*3000*1121**1~DTM*150*20260601~DTM*151*20260607~CAS*CO*45*1879~REF*6R*CX156395X67727.004~AMT*B6*1121~SVC*NU:1001*3000*1121**1~DTM*150*20260601~DTM*151*20260607~CAS*CO*45*1879~REF*6R*CX156395X67728.003~AMT*B6*1121~SE*153*000000001~ST*835*000000002~BPR*H*0*C*NON******9999999999*999999999*****20260630~TRN*1*W363632194*1411289245*000087726~REF*EV*B00099999800~REF*F2*1083~DTM*405*20260625~N1*PR*UNITED HEALTHCARE INSURANCE COMPANY~N3*9900 BREN ROAD~N4*MINNETONKA*MN*553439664~REF*2U*87726~PER*CX*ATLANTA SERVICE CENTER*TE*8778423210~PER*BL*UNKNOWN*UR*WWW.UNITEDHEALTHCAREONLINE.COM/B2C/CONTACTUS.DO~N1*PE*THE RENFREW CENTER OF PENNSYLVANIA LLC*XX*1417971904~N3*PO BOX 823700~N4*PHILADELPHIA*PA*19182~REF*TJ*200994813~LX*1~TS3*1417971904*11*20261231*1*12000~CLP*CX156394X1*1*12000*0**14*FU91799847 0087467438*11*3**887~NM1*QC*1*FOX*FAITH~NM1*IL*1*FOX*FAITH****MI*926780481~NM1*74*1**PHILIP*R~MIA*0****MA15~REF*1L*920923~REF*CE*NEX OA~REF*EA*IDX135102X4~DTM*232*20260604~DTM*233*20260607~DTM*050*20260610~SVC*NU:1001*3000*0**1~DTM*150*20260604~DTM*151*20260607~CAS*CO*50*3000~REF*6R*CX156394X67725.002~SVC*NU:1001*3000*0**1~DTM*150*20260604~DTM*151*20260607~CAS*CO*50*3000~REF*6R*CX156394X67726.003~SVC*NU:1001*3000*0**1~DTM*150*20260604~DTM*151*20260607~CAS*CO*50*3000~REF*6R*CX156394X67727.002~SVC*NU:1001*3000*0**1~DTM*150*20260604~DTM*151*20260607~CAS*CO*50*3000~REF*6R*CX156394X67728.003~SE*50*000000002~GE*2*497407593~IEA*1*497407593~