ISA*00*          *00*          *ZZ*CHC            *ZZ*00962249       *260619*0617*^*00501*483006091*0*P*:~GS*HP*CHC*00962249*20260619*06175000*483006091*X*005010X221A1~ST*835*000000001~BPR*I*2775*C*ACH*CCP*01*011900445*DA*0000009046*1066033492**01*121000248*DA*4122170038*20260624~TRN*1*826170000092022*1066033492~REF*EV*133052274~DTM*405*20260619~N1*PR*AETNA~N3*151 FARMINGTON AVENUE~N4*HARTFORD*CT*06156~REF*2U*60054~PER*BL*PROVIDER SERVICE~N1*PE*THE RENFREW CENTER OF TENNESSEE*XX*1083812762~N3*PO BOX 713700~N4*PHILADELPHIA*PA*191713700~REF*PQ*174749620~REF*TJ*205497459~LX*1~TS3*1083812762*22*20261231*1*7500~CLP*CX156586X1*1*7500*2775**13*E7TYVHG4W0000*13*4~NM1*QC*1*PHILLIPS*KAITLYN****MI*W289432268~REF*G1*074821208~REF*1L*0811338-012-00102-QA~REF*CE*AETNA CHOICE  POS II NET 00395~DTM*232*20260601~DTM*233*20260605~DTM*050*20260611~PER*CX**TE*8886323862~AMT*AU*7500~SVC*HC:H0035*1500*555*0912*1~DTM*472*20260601~CAS*CO*45*945~REF*6R*CX156586X67722.001~AMT*B6*555~SVC*HC:H0035*1500*555*0912*1~DTM*472*20260602~CAS*CO*45*945~REF*6R*CX156586X67723.001~AMT*B6*555~SVC*HC:H0035*1500*555*0912*1~DTM*472*20260603~CAS*CO*45*945~REF*6R*CX156586X67724.003~AMT*B6*555~SVC*HC:H0035*1500*555*0912*1~DTM*472*20260604~CAS*CO*45*945~REF*6R*CX156586X67725.003~AMT*B6*555~SVC*HC:H0035*1500*555*0912*1~DTM*472*20260605~CAS*CO*45*945~REF*6R*CX156586X67726.005~AMT*B6*555~SE*53*000000001~GE*1*483006091~IEA*1*483006091~