ISA*00*          *00*          *ZZ*CHC            *ZZ*00962249       *260624*1325*^*00501*450607888*0*P*:~GS*HP*CHC*00962249*20260624*13250000*450607888*X*005010X221A1~ST*835*000000001~BPR*I*2485*C*ACH*CCP*01*124384877*DA*720000537*1391995276*0000UMR01*01*121000248*DA*4122170038*20260626~TRN*1*UH88200062700251245819321*1391995276*0000UMR01~REF*EV*841162789~DTM*405*20260619~N1*PR*UHC SUREST~N3*UNITEDHEALTHCARE SHARED SERVICES*PO BOX 30783~N4*SALT LAKE CITY*UT*841300783~REF*2U*39026~PER*CX*CUSTOMER CARE UNIT*TE*8778423210~PER*BL*UMR EDI TEAM*EM*UMR-EDI-IT-TEAM DL@DS.UHC.COM~N1*PE*THE RENFREW CENTER OF NORTH CAROLINA LLC*XX*1841497518~N3*PO BOX 823700*PO BOX 30783~N4*PHILADELPHIA*PA*19182~REF*TJ*205508748~LX*1~CLP*CX156577X1*1*7500*2485*250*12*26163457444*13*3~NM1*QC*1*ATKINSON*KYLA~NM1*IL*1*ATKINSON*AARON****MI*771898129762~NM1*82*1*AYALEW*RAHEL****XX*1851924443~REF*1L*78800000~AMT*AU*7500~SVC*HC:H0035*1500*497*0912~DTM*472*20260601~CAS*CO*45*953~CAS*PR*3*50~REF*6R*CX156577X67722.001~AMT*B6*547~SVC*HC:H0035*1500*497*0912~DTM*472*20260603~CAS*CO*45*953~CAS*PR*3*50~REF*6R*CX156577X67724.003~AMT*B6*547~SVC*HC:H0035*1500*497*0912~DTM*472*20260604~CAS*CO*45*953~CAS*PR*3*50~REF*6R*CX156577X67725.003~AMT*B6*547~SVC*HC:H0035*1500*497*0912~DTM*472*20260605~CAS*CO*45*953~CAS*PR*3*50~REF*6R*CX156577X67726.003~AMT*B6*547~SVC*HC:H0035*1500*497*0912~DTM*472*20260602~CAS*CO*45*953~CAS*PR*3*50~REF*6R*CX156577X67723.001~AMT*B6*547~SE*53*000000001~GE*1*450607888~IEA*1*450607888~