ISA*00*          *00*          *ZZ*CHC            *ZZ*00962249       *260616*0622*^*00501*724005009*0*P*:~GS*HP*CHC*00962249*20260616*06222900*724005009*X*005010X221A1~ST*835*000000001~BPR*I*6042*C*ACH*CCP*01*011900445*DA*0000009046*1066033492**01*121000248*DA*4122170038*20260622~TRN*1*826167000262299*1066033492~REF*EV*133052274~DTM*405*20260616~N1*PR*AETNA~N3*151 FARMINGTON AVENUE~N4*HARTFORD*CT*06156~REF*2U*60054~PER*BL*PROVIDER SERVICE~N1*PE*RENFREW CENTER OF NJ, LLC*XX*1164514691~N3*PO BOX 713700~N4*PHILADELPHIA*PA*191713700~REF*PQ*926670170~REF*TJ*223704728~LX*1~TS3*1164514691*22*20261231*1*1500~CLP*CX156502X1*1*1500*678**13*ECTYXBHXT0000*13*3~NM1*QC*1*ORLANDINO*AMANDA****MI*W295834672~NM1*82*2*THE RENFREW CENTER OF NEW JERSEY*****XX*1164514691~REF*1L*0169659-040-00413-CZ~REF*CE*AETNA CHOICE  POS II NET 01449~DTM*232*20260603~DTM*233*20260604~DTM*050*20260609~PER*CX**TE*8886323862~AMT*AU*1500~SVC*HC:S9480*750*339*0905*1~DTM*472*20260603~CAS*CO*45*411~REF*6R*CX156502X67724.002~AMT*B6*339~SVC*HC:S9480*750*339*0905*1~DTM*472*20260604~CAS*CO*45*411~REF*6R*CX156502X67725.002~AMT*B6*339~LX*2~TS3*1164514691*22*20261231*4*15000~CLP*CX156493X3*1*7500*3105**13*EBY2XBTZ80000*13*3~NM1*QC*1*DUPONT*LEEAHNA~NM1*IL*1*DUPONT*VERCY****MI*W287367001~NM1*74*1**LEEAHNA~NM1*82*2*THE RENFREW CENTER OF NEW JERSEY*****XX*1164514691~REF*G1*074779308~REF*1L*0181137-041-00006-AD~REF*CE*AETNA CHOICE  POS II NET 01450~DTM*232*20260601~DTM*233*20260605~DTM*050*20260609~PER*CX**TE*8886323862~AMT*AU*7500~SVC*HC:H0035*1500*621*0912*1~DTM*472*20260601~CAS*CO*45*879~REF*6R*CX156493X67722.004~AMT*B6*621~SVC*HC:H0035*1500*621*0912*1~DTM*472*20260602~CAS*CO*45*879~REF*6R*CX156493X67723.001~AMT*B6*621~SVC*HC:H0035*1500*621*0912*1~DTM*472*20260603~CAS*CO*45*879~REF*6R*CX156493X67724.003~AMT*B6*621~SVC*HC:H0035*1500*621*0912*1~DTM*472*20260604~CAS*CO*45*879~REF*6R*CX156493X67725.004~AMT*B6*621~SVC*HC:H0035*1500*621*0912*1~DTM*472*20260605~CAS*CO*45*879~REF*6R*CX156493X67726.001~AMT*B6*621~CLP*CX156492X2*1*3000*1242**13*ECADXBJRB0000*13*3~NM1*QC*1*ESTEPP*OLIVIA~NM1*IL*1*ESTEPP*JESSICA****MI*W287264157~NM1*74*1*SIMON-ESTEPP~NM1*82*2*THE RENFREW CENTER OF NEW JERSEY*****XX*1164514691~REF*G1*074651242~REF*1L*0237611-040-00001-NA~REF*CE*AETNA CHOICE  POS II NET 01450~DTM*232*20260604~DTM*233*20260605~DTM*050*20260609~PER*CX**TE*8886323862~AMT*AU*3000~SVC*HC:H0035*1500*621*0912*1~DTM*472*20260604~CAS*CO*45*879~REF*6R*CX156492X67725.004~AMT*B6*621~SVC*HC:H0035*1500*621*0912*1~DTM*472*20260605~CAS*CO*45*879~REF*6R*CX156492X67726.001~AMT*B6*621~CLP*CX156494X1*1*2250*0*1017*13*EC37W6JG90000*13*2~NM1*QC*1*READ*JORDAN****MI*W220910403~NM1*82*2*THE RENFREW CENTER OF NEW JERSEY*****XX*1164514691~REF*1L*0868560-051-00011-PH~REF*CE*AETNA CHOICE  POS II NET 01450~DTM*232*20260601~DTM*233*20260604~DTM*050*20260609~PER*CX**TE*8886323862~AMT*AU*2250~SVC*HC:S9480*750*0*0905*1~DTM*472*20260601~CAS*CO*45*411~CAS*PR*1*339~REF*6R*CX156494X67722.002~AMT*B6*339~SVC*HC:S9480*750*0*0905*1~DTM*472*20260603~CAS*CO*45*411~CAS*PR*1*339~REF*6R*CX156494X67724.001~AMT*B6*339~SVC*HC:S9480*750*0*0905*1~DTM*472*20260604~CAS*CO*45*411~CAS*PR*1*339~REF*6R*CX156494X67725.002~AMT*B6*339~CLP*CX156522X1*1*2250*1017**13*EMTYXBTQZ0000*13*4~NM1*QC*1*MCGEECHAN*JAMIE~NM1*IL*1*MCGEECHAN*JAMES****MI*W294528610~NM1*82*2*THE RENFREW CENTER OF NEW JERSEY*****XX*1164514691~REF*1L*0181137-041-00005-AC~REF*CE*AETNA CHOICE  POS II NET 01450~DTM*232*20260601~DTM*233*20260603~DTM*050*20260610~PER*CX**TE*8886323862~AMT*AU*2250~SVC*HC:S9480:95*750*339*0905*1~DTM*472*20260601~CAS*CO*45*411~REF*6R*CX156522X67722.002~AMT*B6*339~SVC*HC:S9480:95*750*339*0905*1~DTM*472*20260602~CAS*CO*45*411~REF*6R*CX156522X67723.001~AMT*B6*339~SVC*HC:S9480:95*750*339*0905*1~DTM*472*20260603~CAS*CO*45*411~REF*6R*CX156522X67724.002~AMT*B6*339~SE*155*000000001~GE*1*724005009~IEA*1*724005009~