ISA*00*          *00*          *ZZ*CHC            *ZZ*00962249       *260622*0616*^*00501*146407562*0*P*:~GS*HP*CHC*00962249*20260622*06163200*146407562*X*005010X221A1~ST*835*000000001~BPR*I*9072*C*ACH*CCP*01*011900445*DA*0000009046*1066033492**01*121000248*DA*4122170038*20260625~TRN*1*826173000662918*1066033492~REF*EV*133052274~DTM*405*20260622~N1*PR*AETNA~N3*151 FARMINGTON AVENUE~N4*HARTFORD*CT*06156~REF*2U*60054~PER*BL*PROVIDER SERVICE~N1*PE*THE RENFREW CENTER OF PHILADELPHIA LLC*XX*1417971904~N3*PO BOX 713700~N4*PHILADELPHIA*PA*191713700~REF*PQ*182224660~REF*TJ*200994813~LX*1~TS3*1417971904*55*20261231*1*21000~CLP*CX155967X3*1*21000*9072**13*EFFDW5QGD0000*11*3~NM1*QC*1*STANTON*CARRIE~NM1*IL*1*STANTON*KIMBERLY****MI*W280373806~NM1*82*2*THE RENFREW CENTER OF PENNSYLVANIA*****XX*1417971904~REF*G1*074605880~REF*1L*0283903-011-00024-EC~REF*CE*AETNA CHOICE  POS II NET 00408~DTM*232*20260525~DTM*233*20260531~DTM*050*20260601~PER*CX**TE*8886323862~AMT*AU*21000~SVC*NU:0124*3000*1296**1*NU:1001~DTM*472*20260525~CAS*CO*45*1704~REF*6R*CX155967X67715.004~AMT*B6*1296~SVC*NU:0124*3000*1296**1*NU:1001~DTM*472*20260526~CAS*CO*45*1704~REF*6R*CX155967X67716.003~AMT*B6*1296~SVC*NU:0124*3000*1296**1*NU:1001~DTM*472*20260527~CAS*CO*45*1704~REF*6R*CX155967X67717.005~AMT*B6*1296~SVC*NU:0124*3000*1296**1*NU:1001~DTM*472*20260528~CAS*CO*45*1704~REF*6R*CX155967X67718.003~AMT*B6*1296~SVC*NU:0124*3000*1296**1*NU:1001~DTM*472*20260529~CAS*CO*45*1704~REF*6R*CX155967X67719.004~AMT*B6*1296~SVC*NU:0124*3000*1296**1*NU:1001~DTM*472*20260530~CAS*CO*45*1704~REF*6R*CX155967X67720.003~AMT*B6*1296~SVC*NU:0124*3000*1296**1*NU:1001~DTM*472*20260531~CAS*CO*45*1704~REF*6R*CX155967X67721.002~AMT*B6*1296~SE*65*000000001~GE*1*146407562~IEA*1*146407562~