ISA*00*          *00*          *ZZ*CHC            *ZZ*00962249       *260717*0713*^*00501*331607239*0*P*:~GS*HP*CHC*00962249*20260717*07131000*331607239*X*005010X221A1~ST*835*000000001~BPR*I*17974*C*ACH*CCP*01*124384877*DA*1470858534*1411289245*000087726*01*121000248*DA*4122170038*20260721~TRN*1*W365666994*1411289245*000087726~REF*EV*B00099999800~REF*F2*1083~DTM*405*20260716~N1*PR*UNITED HEALTHCARE INSURANCE COMPANY~N3*9900 BREN ROAD~N4*MINNETONKA*MN*553439664~REF*2U*87726~PER*CX*ATLANTA SERVICE CENTER*TE*8778423210~PER*BL*UNKNOWN*UR*WWW.UNITEDHEALTHCAREONLINE.COM/B2C/CONTACTUS.DO~N1*PE*THE RENFREW CENTER OF PENNSYLVANIA LLC*XX*1417971904~N3*PO BOX 823700~N4*PHILADELPHIA*PA*19182~REF*TJ*200994813~LX*1~TS3*1417971904*11*20261231*5*48000~CLP*CX157142X3*1*21000*7847**13*FV58607361 0371051897*11*3**887~NM1*QC*1*COCO*MATTEO~NM1*IL*1*COCO*SCOTT****MI*984400976~NM1*74*1***C~REF*G1*PHBCXY-01~REF*EA*IDX136326X3~REF*CE*CHOYC+~REF*BB*PHBCXY01~REF*1L*911779~DTM*232*20260622~DTM*233*20260628~DTM*050*20260630~AMT*AU*21000~SVC*NU:1001*3000*1121**1~DTM*150*20260622~DTM*151*20260628~CAS*CO*45*1879~REF*6R*CX157142X67743.003~AMT*B6*1121~SVC*NU:1001*3000*1121**1~DTM*150*20260622~DTM*151*20260628~CAS*CO*45*1879~REF*6R*CX157142X67744.002~AMT*B6*1121~SVC*NU:1001*3000*1121**1~DTM*150*20260622~DTM*151*20260628~CAS*CO*45*1879~REF*6R*CX157142X67745.005~AMT*B6*1121~SVC*NU:1001*3000*1121**1~DTM*150*20260622~DTM*151*20260628~CAS*CO*45*1879~REF*6R*CX157142X67746.002~AMT*B6*1121~SVC*NU:1001*3000*1121**1~DTM*150*20260622~DTM*151*20260628~CAS*CO*45*1879~REF*6R*CX157142X67747.002~AMT*B6*1121~SVC*NU:1001*3000*1121**1~DTM*150*20260622~DTM*151*20260628~CAS*CO*45*1879~REF*6R*CX157142X67748.002~AMT*B6*1121~SVC*NU:1001*3000*1121**1~DTM*150*20260622~DTM*151*20260628~CAS*CO*45*1879~REF*6R*CX157142X67749.003~AMT*B6*1121~CLP*CX157141X2*1*21000*7847**13*FV58607362 0089405740*11*3**887~NM1*QC*1*WEGNER*LAUREN~NM1*IL*1*WEGNER*TORSTEN****MI*984804946~REF*EA*IDX133114X9~REF*CE*CHOYC+~REF*G1*FRSVVU-01~REF*BB*FRSVVU01~REF*1L*928108~DTM*232*20260622~DTM*233*20260628~DTM*050*20260630~AMT*AU*21000~SVC*NU:1001*3000*1121**1~DTM*150*20260622~DTM*151*20260628~CAS*CO*45*1879~REF*6R*CX157141X67743.003~AMT*B6*1121~SVC*NU:1001*3000*1121**1~DTM*150*20260622~DTM*151*20260628~CAS*CO*45*1879~REF*6R*CX157141X67744.004~AMT*B6*1121~SVC*NU:1001*3000*1121**1~DTM*150*20260622~DTM*151*20260628~CAS*CO*45*1879~REF*6R*CX157141X67745.004~AMT*B6*1121~SVC*NU:1001*3000*1121**1~DTM*150*20260622~DTM*151*20260628~CAS*CO*45*1879~REF*6R*CX157141X67746.003~AMT*B6*1121~SVC*NU:1001*3000*1121**1~DTM*150*20260622~DTM*151*20260628~CAS*CO*45*1879~REF*6R*CX157141X67747.003~AMT*B6*1121~SVC*NU:1001*3000*1121**1~DTM*150*20260622~DTM*151*20260628~CAS*CO*45*1879~REF*6R*CX157141X67748.002~AMT*B6*1121~SVC*NU:1001*3000*1121**1~DTM*150*20260622~DTM*151*20260628~CAS*CO*45*1879~REF*6R*CX157141X67749.004~AMT*B6*1121~CLP*CX157180X1*1*1500*579**14*FV62213236 0087832818*13*4~NM1*QC*1*FOX*FAITH~NM1*IL*1*FOX*FAITH****MI*926780481~NM1*74*1**PHILIP*R~REF*BB*H2VG8F01~REF*G1*H2VG8F-01~REF*CE*NEX OA~REF*EA*IDX135102X6~REF*1L*920923~DTM*232*20260622~DTM*233*20260622~DTM*050*20260701~AMT*AU*1500~SVC*HC:H0035*1500*579*0912*1~DTM*472*20260622~CAS*CO*45*921~REF*6R*CX157180X67743.001~AMT*B6*579~CLP*CX157179X1*1*2250*813*75*13*FV62213239 0089454227*13*2~NM1*QC*1*CARTER*NATALIA~NM1*IL*1*CARTER*LEE****MI*911971852~NM1*74*1***A~REF*BB*1MV4KB01~REF*EA*IDX136332X3~REF*CE*CHOYC+~REF*1L*752730~REF*G1*1MV4KB-01~DTM*232*20260622~DTM*233*20260625~DTM*050*20260701~AMT*AU*2250~SVC*HC:S9480*750*271*0905*1~DTM*150*20260622~DTM*151*20260625~CAS*PR*3*25~CAS*CO*45*454~REF*6R*CX157179X67743.001~AMT*B6*296~SVC*HC:S9480*750*271*0905*1~DTM*150*20260622~DTM*151*20260625~CAS*CO*45*454~CAS*PR*3*25~REF*6R*CX157179X67745.001~AMT*B6*296~SVC*HC:S9480*750*271*0905*1~DTM*150*20260622~DTM*151*20260625~CAS*CO*45*454~CAS*PR*3*25~REF*6R*CX157179X67746.002~AMT*B6*296~CLP*CX157985X1*1*2250*888**14*FW11162711 0087847914*13*3~NM1*QC*1*BULL*LILLIAN~NM1*IL*1*BULL*JESSE****MI*995586188~REF*BB*JFNQFY01~REF*G1*JFNQFY-01~REF*EA*IDX135275X6~REF*CE*CHOYC~REF*1L*920923~DTM*232*20260706~DTM*233*20260709~DTM*050*20260715~AMT*AU*2250~SVC*HC:S9480*750*296*0905*1~DTM*150*20260706~DTM*151*20260709~CAS*CO*45*454~REF*6R*CX157985X67757.001~AMT*B6*296~SVC*HC:S9480*750*296*0905*1~DTM*150*20260706~DTM*151*20260709~CAS*CO*45*454~REF*6R*CX157985X67759.001~AMT*B6*296~SVC*HC:S9480*750*296*0905*1~DTM*150*20260706~DTM*151*20260709~CAS*CO*45*454~REF*6R*CX157985X67760.003~AMT*B6*296~SE*210*000000001~ST*835*000000002~BPR*I*2895*C*ACH*CCP*01*124384877*DA*1470858534*1411289245*000087726*01*121000248*DA*4122170038*20260721~TRN*1*26198B1000028156*1411289245*000087726~REF*EV*B00099999800~DTM*405*20260717~N1*PR*UNITED HEALTHCARE INSURANCE COMPANY~N3*PO BOX 30755~N4*SALT LAKE CITY*UT*841300755~REF*2U*87726~PER*CX*UNITED BEHAVIORAL HEALTH*TE*8003338724~PER*BL*UNKNOWN*UR*WWW.UNITEDHEALTHCAREONLINE.COM/B2C/CONTACTUS.DO~N1*PE*THE RENFREW CENTER OF PENNSYLVANIA LLC*XX*1417971904~N3*PO BOX 823700~N4*PHILADELPHIA*PA*19182~REF*TJ*200994813~LX*1~CLP*CX157975X1*1*7500*2895**15*26XG24100500*13*3~NM1*QC*1*DAWSON*ELENA****MI*20652109004~NM1*IL*1*DAWSON*LEIGH****MI*206521090~NM1*74*1***S~REF*G1*4FJYPB-01~REF*1L*10530~REF*CE*RENFREW CENTERS~REF*EA*IDX136433X3~DTM*232*20260706~DTM*233*20260710~DTM*050*20260715~AMT*AU*2895~SVC*HC:H0035*1500*579*0912*1~DTM*472*20260706~CAS*CO*45*921~REF*6R*CX157975X67757.001~AMT*B6*579~SVC*HC:H0035*1500*579*0912*1~DTM*472*20260707~CAS*CO*45*921~REF*6R*CX157975X67758.002~AMT*B6*579~SVC*HC:H0035*1500*579*0912*1~DTM*472*20260708~CAS*CO*45*921~REF*6R*CX157975X67759.002~AMT*B6*579~SVC*HC:H0035*1500*579*0912*1~DTM*472*20260709~CAS*CO*45*921~REF*6R*CX157975X67760.001~AMT*B6*579~SVC*HC:H0035*1500*579*0912*1~DTM*472*20260710~CAS*CO*45*921~REF*6R*CX157975X67761.001~AMT*B6*579~SE*54*000000002~GE*2*331607239~IEA*1*331607239~