ISA*00*          *00*          *ZZ*CHC            *ZZ*00962249       *260607*1425*^*00501*870803855*0*P*:~GS*HP*CHC*00962249*20260607*14255300*870803855*X*005010X221A1~ST*835*000000001~BPR*H*0*C*NON******9999999999*999999999*****20260609~TRN*1*UH0791003250426NOCHK6010892*1391995276*0000UMR01~REF*EV*841162789~DTM*405*20260603~N1*PR*UHC HARVARD PILGRIM HPHC INSURANCE COMPANY~N3*UNITEDHEALTHCARE SHARED SERVICES PO BOX 30783~N4*SALT LAKE CITY*UT*841300783~REF*2U*39026~PER*CX*UMR EDI TEAM*TE*8665968447~PER*BL*UMR EDI TEAM*EM*UMR-EDI-IT-TEAM DL@DS.UHC.COM~N1*PE*THE RENFREW CENTERS OF PENNSYL*XX*1417971904~N3*PO BOX 713700~N4*PHILADELPHIA*PA*19171~REF*TJ*200994813~LX*1~CLP*CX155270X1*1*3000*0*3000*12*26133464559*11*4~NM1*QC*1*NELSON*EVE****MI*HP589280400~NM1*82*1*NEWELL*JESSICA****XX*1972188654~REF*1L*78800001~SVC*NU:1001*3000*0~DTM*150*20260504~DTM*151*20260505~CAS*PR*95*3000~REF*6R*CX155270X67694.002~AMT*B6*3000~SE*27*000000001~GE*1*870803855~IEA*1*870803855~