ISA*00*          *00*          *ZZ*CHC            *ZZ*00962249       *260629*0812*^*00501*768610125*0*P*:~GS*HP*CHC*00962249*20260629*08122000*768610125*X*005010X221A1~ST*835*000000001~BPR*I*1615*C*ACH*CCP*01*042100272*DA*7480795058*1591031071**01*121000248*DA*4122170038*20260629~TRN*1*600701311371*1591031071~REF*EV*133052274~REF*F2*GWFC~DTM*405*20260625~N1*PR*GREATWESTHEALTHCARE-CIGNA~N3*8505 E. ORCHARD RD~N4*GREENWOOD VILLAGE*CO*80111~REF*2U*62308~PER*CX*GWHC EDIPROD*EM*EDIESCALATEDREQUESTS@CIGNA.COM*TE*8008103388~PER*BL*EDI HELP DESK*TE*8008103388~N1*PE*RENFREW CENTER OF FLORIDA LLC*XX*1912008137~N3*PO BOX 713700~N4*PHILADELPHIA*PA*191713700~REF*TJ*200995125~LX*1~TS3*1912008137*13*20261231*2*3750~CLP*CX156962X1*1*2250*969**13*262320981000*13*3~NM1*QC*1*MANZ*ROBIN****MI*11245485300~REF*1L*00660378~REF*CE*OPEN ACCESS PLUS~REF*EA*IDX135734X4~REF*G1*NO AUTHORIZATION REQUIRED~DTM*050*20260624~DTM*232*20260615~DTM*233*20260619~AMT*AU*969~SVC*HC:S9480*750*323*0905*1~DTM*150*20260615~DTM*151*20260615~CAS*CO*45*427~REF*APC*0~REF*6R*CX156962X67736.003~AMT*B6*323~SVC*HC:S9480*750*323*0905*1~DTM*150*20260617~DTM*151*20260617~CAS*CO*45*427~REF*APC*0~REF*6R*CX156962X67738.003~AMT*B6*323~SVC*HC:S9480*750*323*0905*1~DTM*150*20260619~DTM*151*20260619~CAS*CO*45*427~REF*APC*0~REF*6R*CX156962X67740.002~AMT*B6*323~CLP*CX156968X1*1*1500*646**13*262320659700*13*4~NM1*QC*1*LOUHIER*MEGAN****MI*11251225200~REF*1L*00656485~REF*CE*OPEN ACCESS PLUS~REF*EA*IDX106977X14~REF*G1*N/A--NO AUTH REQUIRED~DTM*050*20260624~DTM*232*20260615~DTM*233*20260616~AMT*AU*646~SVC*HC:S9480:95*750*323*0905*1~DTM*150*20260615~DTM*151*20260615~CAS*CO*45*427~REF*APC*0~REF*6R*CX156968X67736.001~AMT*B6*323~SVC*HC:S9480:95*750*323*0905*1~DTM*150*20260616~DTM*151*20260616~CAS*CO*45*427~REF*APC*0~REF*6R*CX156968X67737.001~AMT*B6*323~SE*74*000000001~GE*1*768610125~IEA*1*768610125~