ISA*00*          *00*          *ZZ*CHC            *ZZ*00962249       *260713*1821*^*00501*912404753*0*P*:~GS*HP*CHC*00962249*20260713*18212200*912404753*X*005010X221A1~ST*835*000000001~BPR*I*5611.98*C*ACH*CCP*01*043000096*DA*1029051682*1411289245*000087726*01*121000248*DA*4122170038*20260713~TRN*1*XD00310922*1411289245*000087726~REF*EV*B00099999800~REF*F2*1083~DTM*405*20260713~N1*PR*UNITED HEALTHCARE INSURANCE COMPANY~N3*P O BOX 740800~N4*ATLANTA*GA*303740800~REF*2U*87726~PER*CX*CHICO SERVICE CENTER*TE*8778423210~PER*BL*UNKNOWN*UR*UHCPROVIDER.COM/EN/CONTACT-US.HTML~N1*PE*RENFREW CENTERS INC*XX*1912008137~N3*PO BOX 713700~N4*PHILADELPHIA*PA*19171~REF*TJ*200995125~LX*1~TS3*1912008137*13*20261231*6*13500~CLP*CX153465X2*1*7500*2171.25*723.75*13*FR52128301 0101557369*13*3~NM1*QC*1*LLABRE*LEILA~NM1*IL*1*LLABRE*ROY****MI*942388451~NM1*74*1***R~REF*BB*J7ZFCC01~REF*1L*752203~REF*G1*J7ZFCC-01~REF*EA*IDX135461X3~REF*CE*CHOYC+~DTM*232*20260323~DTM*233*20260327~DTM*050*20260401~AMT*AU*7500~AMT*I*59.25~SVC*HC:H0035*1500*434.25*0912*1~DTM*150*20260323~DTM*151*20260327~CAS*CO*45*921~CAS*PR*2*144.75~REF*6R*CX153465X67652.002~AMT*B6*579~SVC*HC:H0035*1500*434.25*0912*1~DTM*150*20260323~DTM*151*20260327~CAS*PR*2*144.75~CAS*CO*45*921~REF*6R*CX153465X67653.002~AMT*B6*579~SVC*HC:H0035*1500*434.25*0912*1~DTM*150*20260323~DTM*151*20260327~CAS*PR*2*144.75~CAS*CO*45*921~REF*6R*CX153465X67654.004~AMT*B6*579~SVC*HC:H0035*1500*434.25*0912*1~DTM*150*20260323~DTM*151*20260327~CAS*CO*45*921~CAS*PR*2*144.75~REF*6R*CX153465X67655.001~AMT*B6*579~SVC*HC:H0035*1500*434.25*0912*1~DTM*150*20260323~DTM*151*20260327~CAS*PR*2*144.75~CAS*CO*45*921~REF*6R*CX153465X67656.005~AMT*B6*579~CLP*CX153700X2*1*6000*1963.76*352.24*13*FR69822879 0101557384*13*3~NM1*QC*1*LLABRE*LEILA~NM1*IL*1*LLABRE*ROY****MI*942388451~NM1*74*1***R~REF*BB*J7ZFCC01~REF*1L*752203~REF*CE*CHOYC+~REF*G1*J7ZFCC-01~DTM*232*20260330~DTM*233*20260403~DTM*050*20260407~AMT*AU*6000~AMT*I*49.72~SVC*HC:H0035*1500*1056.72*0912*1~DTM*150*20260330~DTM*151*20260403~CAS*PR*2*352.24~CAS*CO*45*91.04~REF*6R*CX153700X67659.005~AMT*B6*1408.96~SVC*HC:H0035*1500*0*0912*1~DTM*150*20260330~DTM*151*20260403~CAS*CO*97*1500~REF*6R*CX153700X67660.002~SVC*HC:H0035*1500*0*0912*1~DTM*150*20260330~DTM*151*20260403~CAS*CO*97*1500~REF*6R*CX153700X67661.003~SVC*HC:H0035*1500*907.04*0912*1~DTM*150*20260330~DTM*151*20260403~CAS*CO*97*592.96~REF*6R*CX153700X67663.002~AMT*B6*907.04~CLP*CX154891X3*22*-2250*0**13*FT73275398 0100933902*13*2~NM1*QC*1*LLABRE*LEILA~NM1*IL*1*LLABRE*ROY****MI*942388451~NM1*74*1***R~REF*EA*IDX135461X4~REF*1L*752203~REF*CE*CHOYC+~DTM*232*20260428~DTM*233*20260501~DTM*050*20260506~SVC*HC:S9480*-750*0*0905*1~DTM*150*20260428~DTM*151*20260501~CAS*CO*96*-750~REF*6R*CX154891X67688.002~LQ*HE*N54~SVC*HC:S9480*-750*0*0905*1~DTM*150*20260428~DTM*151*20260501~CAS*CO*96*-750~REF*6R*CX154891X67689.003~LQ*HE*N54~SVC*HC:S9480*-750*0*0905*1~DTM*150*20260428~DTM*151*20260501~CAS*CO*96*-750~REF*6R*CX154891X67691.003~LQ*HE*N54~CLP*CX154891X3*1*2250*684*228*13*FT73275398 0101552076*13*2~NM1*QC*1*LLABRE*LEILA~NM1*IL*1*LLABRE*ROY****MI*942388451~NM1*74*1***R~REF*CE*CHOYC+~REF*BB*ILXNHQ01~REF*F8*FT73275398 0100933902~REF*1L*752203~REF*EA*IDX135461X4~DTM*232*20260428~DTM*233*20260501~DTM*050*20260506~AMT*AU*2250~SVC*HC:S9480*750*228*0905*1~DTM*150*20260428~DTM*151*20260501~CAS*CO*45*446~CAS*PR*2*76~REF*6R*CX154891X67688.002~AMT*B6*304~SVC*HC:S9480*750*228*0905*1~DTM*150*20260428~DTM*151*20260501~CAS*CO*45*446~CAS*PR*2*76~REF*6R*CX154891X67689.003~AMT*B6*304~SVC*HC:S9480*750*228*0905*1~DTM*150*20260428~DTM*151*20260501~CAS*PR*2*76~CAS*CO*45*446~REF*6R*CX154891X67691.003~AMT*B6*304~CLP*CX155344X3*22*-2250*0**13*FT97709176 0100929025*13*4~NM1*QC*1*LLABRE*LEILA~NM1*IL*1*LLABRE*ROY****MI*942388451~NM1*74*1***R~REF*EA*IDX135461X4~REF*CE*CHOYC+~REF*1L*752203~DTM*232*20260504~DTM*233*20260508~DTM*050*20260513~SVC*HC:S9480*-750*0*0905*1~DTM*150*20260504~DTM*151*20260508~CAS*CO*96*-750~REF*6R*CX155344X67694.003~LQ*HE*N54~SVC*HC:S9480*-750*0*0905*1~DTM*150*20260504~DTM*151*20260508~CAS*CO*96*-750~REF*6R*CX155344X67696.002~LQ*HE*N54~SVC*HC:S9480*-750*0*0905*1~DTM*150*20260504~DTM*151*20260508~CAS*CO*96*-750~REF*6R*CX155344X67698.002~LQ*HE*N54~CLP*CX155344X3*1*2250*684*228*13*FT97709176 0101552059*13*4~NM1*QC*1*LLABRE*LEILA~NM1*IL*1*LLABRE*ROY****MI*942388451~NM1*74*1***R~REF*CE*CHOYC+~REF*EA*IDX135461X4~REF*1L*752203~REF*BB*ILXNHQ01~REF*F8*FT97709176 0100929025~DTM*232*20260504~DTM*233*20260508~DTM*050*20260513~AMT*AU*2250~SVC*HC:S9480*750*228*0905*1~DTM*150*20260504~DTM*151*20260508~CAS*CO*45*446~CAS*PR*2*76~REF*6R*CX155344X67694.003~AMT*B6*304~SVC*HC:S9480*750*228*0905*1~DTM*150*20260504~DTM*151*20260508~CAS*CO*45*446~CAS*PR*2*76~REF*6R*CX155344X67696.002~AMT*B6*304~SVC*HC:S9480*750*228*0905*1~DTM*150*20260504~DTM*151*20260508~CAS*PR*2*76~CAS*CO*45*446~REF*6R*CX155344X67698.002~AMT*B6*304~PLB*1912008137*20261231*L6*-108.97~SE*229*000000001~GE*1*912404753~IEA*1*912404753~