ISA*00*          *00*          *ZZ*CHC            *ZZ*00962249       *260709*0119*^*00501*614007572*0*P*:~GS*HP*CHC*00962249*20260709*01194000*614007572*X*005010X221A1~ST*835*000000001~BPR*I*1604*C*CHK************20260708~TRN*1*964986349*1411648670~REF*EV*133052274~REF*F2*PM~DTM*405*20260709~N1*PR*EVERNORTH BEHAVIORAL HEALTH, INC.~N3*P.O. BOX 182223~N4*CHATTANOOGA*TN*374227223~REF*2U*62308~PER*BL*EDI HELP DESK*TE*8008103388~N1*PE*RENFREW CTR OF NEW YORK*XX*1568561298~N3*PO BOX 713700~N4*PHILADELPHIA*PA*191713700~REF*TJ*522227870~LX*1~TS3*1568561298*13*20261231*1*3000~CLP*CX157534X1*1*3000*1604**13*8672618992233*13*3~NM1*QC*1*WEINTRAUB*EMILY*B***MI*U9354088401~REF*1L*3333622~REF*CE*OPEN ACCESS PLUS IN-NETWORK~REF*EA*IDX136141X3~REF*G1*NO AUTH REQUIRED~DTM*050*20260708~DTM*232*20260630~DTM*233*20260701~PER*CX*MEMBER SERVICES*TE*8002446224~AMT*AU*1604~SVC*HC:H0035*1500*802*0912*1~DTM*150*20260630~DTM*151*20260630~CAS*CO*45*698~REF*6R*CX157534X67751.002~AMT*B6*802~SVC*HC:H0035*1500*802*0912*1~DTM*150*20260701~DTM*151*20260701~CAS*CO*45*698~REF*6R*CX157534X67752.002~AMT*B6*802~SE*41*000000001~GE*1*614007572~IEA*1*614007572~