ISA*00*          *00*          *ZZ*CHC            *ZZ*00962249       *260720*0612*^*00501*571006215*0*P*:~GS*HP*CHC*00962249*20260720*06124500*571006215*X*005010X221A1~ST*835*000000001~BPR*I*2490*C*ACH*CCP*01*011900445*DA*0000009046*1066033492**01*121000248*DA*4122170038*20260723~TRN*1*826201000187814*1066033492~REF*EV*133052274~DTM*405*20260720~N1*PR*AETNA~N3*151 FARMINGTON AVENUE~N4*HARTFORD*CT*06156~REF*2U*60054~PER*BL*PROVIDER SERVICE~N1*PE*THE RENFREW CENTER OF MASSACHUSETTS, LLC*XX*1346674215~N3*PO BOX 713700~N4*PHILADELPHIA*PA*191713700~REF*PQ*046923740~REF*TJ*463400788~LX*1~TS3*1346674215*22*20261231*3*6000~CLP*CX158154X1*1*4500*1800**13*EFPDX08F60000*13*4~NM1*QC*1*KRIVOKRYSENKO*ZOYA~NM1*IL*1*SHYSHYNOVA*INNA****MI*W285581622~REF*G1*075104756~REF*1L*0622709-024-00001- D~REF*CE*AETNA CHOICE  POS II NET 00339~DTM*232*20260706~DTM*233*20260708~DTM*050*20260716~PER*CX**TE*8886323862~AMT*AU*4500~SVC*HC:H0035*1500*600*0912*1~DTM*472*20260706~CAS*CO*45*900~REF*6R*CX158154X67757.001~AMT*B6*600~SVC*HC:H0035*1500*600*0912*1~DTM*472*20260707~CAS*CO*45*900~REF*6R*CX158154X67758.003~AMT*B6*600~SVC*HC:H0035*1500*600*0912*1~DTM*472*20260708~CAS*CO*45*900~REF*6R*CX158154X67759.002~AMT*B6*600~CLP*CX158157X2*1*750*345**13*EGJNX0SFM0000*13*4~NM1*QC*1*MOSSMAN*EMMA~NM1*IL*1*MOSSMAN*KURT****MI*W215171097~REF*1L*0660819-016-00001-EB~REF*CE*AETNA CHOICE  POS II NET 00339~DTM*232*20260706~DTM*233*20260706~DTM*050*20260716~PER*CX**TE*8886323862~AMT*AU*750~SVC*HC:S9480*750*345*0905*1~DTM*472*20260706~CAS*CO*45*405~REF*6R*CX158157X67757.001~AMT*B6*345~CLP*CX158159X4*1*750*345**13*EG37XWSB20000*13*4~NM1*QC*1*MURPHY*CHARLOTTE~NM1*IL*1*MURPHY*JEANINE****MI*W047263833~REF*1L*0657263-010-00121-CA~REF*CE*AETNA CHOICE  POS II NET 00339~DTM*232*20260709~DTM*233*20260709~DTM*050*20260716~PER*CX**TE*8886323862~AMT*AU*750~SVC*HC:S9480*750*345*0905*1~DTM*472*20260709~CAS*CO*45*405~REF*6R*CX158159X67760.003~AMT*B6*345~SE*74*000000001~GE*1*571006215~IEA*1*571006215~