ISA*00*          *00*          *ZZ*CHC            *ZZ*00962249       *260702*0616*^*00501*911608967*0*P*:~GS*HP*CHC*00962249*20260702*06164200*911608967*X*005010X221A1~ST*835*000000001~BPR*I*2300*C*ACH*CCP*01*031100209*DA*0000009108*1066033492**01*121000248*DA*4122170038*20260707~TRN*1*826183000164757*1066033492~REF*EV*133052274~DTM*405*20260702~N1*PR*AETNA~N3*151 FARMINGTON AVENUE~N4*HARTFORD*CT*06156~REF*2U*60054~PER*BL*PROVIDER SERVICE~N1*PE*THE RENFREW CENTER OF MARYLAND, LLC*XX*1093940405~N3*PO BOX 823700~N4*PHILADELPHIA*PA*191823700~REF*PQ*166347640~REF*TJ*264628647~LX*1~TS3*1093940405*52*20261231*1*7500~CLP*CX157047X1*1*7500*2300*575*12*E2617601630000*13*3~NM1*QC*1*RAMIREZ*STEPHANIE****MI*W275038764~REF*1L*0474952-036-00108-UA~REF*CE*PPO-MEDICAL NET 00098~DTM*232*20260615~DTM*233*20260619~DTM*050*20260625~PER*CX**TE*8886323862~AMT*AU*7500~SVC*HC:H0035*1500*460**1~DTM*472*20260615~CAS*CO*45*925~CAS*PR*2*115~REF*6R*CX157047X67736.002~AMT*B6*575~SVC*HC:H0035*1500*460**1~DTM*472*20260616~CAS*CO*45*925~CAS*PR*2*115~REF*6R*CX157047X67737.001~AMT*B6*575~SVC*HC:H0035*1500*460**1~DTM*472*20260617~CAS*CO*45*925~CAS*PR*2*115~REF*6R*CX157047X67738.001~AMT*B6*575~SVC*HC:H0035*1500*460**1~DTM*472*20260618~CAS*CO*45*925~CAS*PR*2*115~REF*6R*CX157047X67739.001~AMT*B6*575~SVC*HC:H0035*1500*460**1~DTM*472*20260619~CAS*CO*45*925~CAS*PR*2*115~REF*6R*CX157047X67740.001~AMT*B6*575~SE*57*000000001~ST*835*000000002~BPR*I*565.2*C*ACH*CCP*01*011900445*DA*0000009046*1066033492**01*121000248*DA*4122170038*20260707~TRN*1*826183000215412*1066033492~REF*EV*133052274~DTM*405*20260702~N1*PR*AETNA~N3*151 FARMINGTON AVENUE~N4*HARTFORD*CT*06156~REF*2U*60054~PER*BL*PROVIDER SERVICE~N1*PE*THE RENFREW CENTER OF MARYLAND, LLC*XX*1093940405~N3*P.O. BOX 823700~N4*PHILADELPHIA*PA*191710001~REF*PQ*166347640~REF*TJ*264628647~LX*1~TS3*1093940405*22*20261231*1*1500~CLP*CX157309X1*1*1500*565.2*62.8*12*EFFDXQYKX0000*13*2~NM1*QC*1*ASHENDEN*STACY****MI*W293863352~REF*1L*0622786-010-00009- A~REF*CE*OPEN CHOICE NET 00098~DTM*232*20260624~DTM*233*20260625~DTM*050*20260630~PER*CX**TE*8886323862~AMT*AU*1500~SVC*HC:S9480*750*282.6*0905*1~DTM*472*20260624~CAS*CO*45*436~CAS*PR*2*31.4~REF*6R*CX157309X67745.001~AMT*B6*314~SVC*HC:S9480*750*282.6*0905*1~DTM*472*20260625~CAS*CO*45*436~CAS*PR*2*31.4~REF*6R*CX157309X67746.001~AMT*B6*314~SE*39*000000002~ST*835*000000003~BPR*I*2600*C*ACH*CCP*01*031100209*DA*0000009108*1066033492**01*121000248*DA*4122170038*20260707~TRN*1*826183000215414*1066033492~REF*EV*133052274~DTM*405*20260702~N1*PR*AETNA~N3*151 FARMINGTON AVENUE~N4*HARTFORD*CT*06156~REF*2U*60054~PER*BL*PROVIDER SERVICE~N1*PE*THE RENFREW CENTER OF MARYLAND, LLC*XX*1093940405~N3*PO BOX 823700~N4*PHILADELPHIA*PA*191823700~REF*PQ*166347640~REF*TJ*264628647~LX*1~TS3*1093940405*22*20261231*1*7500~CLP*CX157310X1*1*7500*2600*275*HM*EFADXQX4X0000*13*2~NM1*QC*1*ATOR*SCOTT****MI*W204223237~REF*1L*0866065-011-00001- F~REF*CE*AETNA HEALTH NETWORK ONLY  8480  (OPEN A NET 01966~DTM*232*20260622~DTM*233*20260626~DTM*050*20260630~PER*CX**TE*8886323862~AMT*AU*7500~SVC*HC:H0035*1500*520*0912*1~DTM*472*20260622~CAS*CO*45*925~CAS*PR*3*55~REF*6R*CX157310X67743.002~AMT*B6*575~SVC*HC:H0035*1500*520*0912*1~DTM*472*20260623~CAS*CO*45*925~CAS*PR*3*55~REF*6R*CX157310X67744.002~AMT*B6*575~SVC*HC:H0035*1500*520*0912*1~DTM*472*20260624~CAS*CO*45*925~CAS*PR*3*55~REF*6R*CX157310X67745.004~AMT*B6*575~SVC*HC:H0035*1500*520*0912*1~DTM*472*20260625~CAS*CO*45*925~CAS*PR*3*55~REF*6R*CX157310X67746.002~AMT*B6*575~SVC*HC:H0035*1500*520*0912*1~DTM*472*20260626~CAS*CO*45*925~CAS*PR*3*55~REF*6R*CX157310X67747.003~AMT*B6*575~SE*57*000000003~GE*3*911608967~IEA*1*911608967~