ISA*00*          *00*          *ZZ*CHC            *ZZ*00962249       *260623*1247*^*00501*352205716*0*P*:~GS*HP*CHC*00962249*20260623*12471400*352205716*X*005010X221A1~ST*835*000000001~BPR*I*296*C*ACH*CCP*01*124384877*DA*720000932*1411289245*000087726*01*121000248*DA*4122170038*20260625~TRN*1*55562914*1411289245*000087726~REF*EV*BFT220003440~REF*F2*1284~DTM*405*20260622~N1*PR*UNITED HEALTHCARE INSURANCE COMPANY~N3*4 RESEARCH DRIVE~N4*SHELTON*CT*064846282~REF*2U*87726~PER*CX*PROVIDER ESOLUTIONS*TE*8778423210~PER*BL*OPERATIONS*TE*8662740906~N1*PE*THE RENFREW CENTER OF PENNSYLVANIA LLC*XX*1417971904~N3*PO BOX 823700~N4*PHILADELPHIA*PA*19182~REF*TJ*200994813~LX*1~TS3*A2033852*01*20261231*1*750~CLP*CX155773X1*1*750*296**HM*FU43502632*01*3~NM1*QC*1*MORAN*MADELINE****MI*70463206100~NM1*82*2*RENFREW CENTERS*****XX*1417971904~REF*CE*OPTUM HEALTH BEHAVIORAL SERVICES  OHBS~DTM*232*20260522~DTM*233*20260522~AMT*AU*296~SVC*HC:S9480*750*296*0905*0~DTM*472*20260522~CAS*CO*45*454~REF*6R*CX155773X67712.003~AMT*B6*296~SE*31*000000001~GE*1*352205716~IEA*1*352205716~