ISA*00*          *00*          *ZZ*CHC            *ZZ*00962249       *260701*0821*^*00501*942008947*0*P*:~GS*HP*CHC*00962249*20260701*08212300*942008947*X*005010X221A1~ST*835*000000001~BPR*I*377.26*C*CHK************20260625~TRN*1*964978109*1411648670~REF*EV*133052274~REF*F2*PM~DTM*405*20260701~N1*PR*EVERNORTH BEHAVIORAL HEALTH, INC.~N3*P. O. BOX 182223~N4*CHATTANOOGA*TN*374227223~REF*2U*62308~PER*BL*EDI HELP DESK*TE*8008103388~N1*PE*RENFREW CTR OF TN*XX*1083812762~N3*PO BOX 713700~N4*PHILADELPHIA*PA*191713700~REF*TJ*205497459~LX*1~TS3*1083812762*13*20261231*1*2250~CLP*CX157124X1*1*2250*377.26*609.74*13*9222617692533*13*3~NM1*QC*1*PULVERMACHER*ABIGAIL*K***MI*U5481644503~NM1*IL*1*PULVERMACHER*KEVIN****MI*U5481644501~REF*1L*3340191~REF*CE*OPEN ACCESS PLUS~REF*EA*IDX136260X3~REF*G1*NO AUTHORIZATION REQUIRED~DTM*050*20260625~DTM*232*20260615~DTM*233*20260618~PER*CX*MEMBER SERVICES*TE*8002446224~AMT*AU*987~SVC*HC:S9480:95*750*0*0905***1~DTM*150*20260615~DTM*151*20260615~CAS*CO*45*421~CAS*PR*1*329~REF*6R*CX157124X67736.003~AMT*B6*329~SVC*HC:S9480:95*750*114.06*0905*1~DTM*150*20260617~DTM*151*20260617~CAS*CO*45*421~CAS*PR*1*186.43**2*28.51~REF*6R*CX157124X67738.001~AMT*B6*329~SVC*HC:S9480:95*750*263.2*0905*1~DTM*150*20260618~DTM*151*20260618~CAS*CO*45*421~CAS*PR*2*65.8~REF*6R*CX157124X67739.001~AMT*B6*329~SE*51*000000001~GE*1*942008947~IEA*1*942008947~