ISA*00*          *00*          *ZZ*CHC            *ZZ*00962249       *260625*0618*^*00501*454208674*0*P*:~GS*HP*CHC*00962249*20260625*06183500*454208674*X*005010X221A1~ST*835*000000001~BPR*I*7040*C*ACH*CCP*01*031100209*DA*0000009108*1066033492**01*121000248*DA*4122170038*20260630~TRN*1*826176000365612*1066033492~REF*EV*133052274~DTM*405*20260625~N1*PR*AETNA~N3*151 FARMINGTON AVENUE~N4*HARTFORD*CT*06156~REF*2U*60054~PER*BL*PROVIDER SERVICE~N1*PE*THE RENFREW CENTER OF NEW YORK, LLC*XX*1568561298~N3*PO BOX 713700~N4*PHILADELPHIA*PA*191713700~REF*PQ*466797690~REF*TJ*522227870~LX*1~TS3*1568561298*22*20261231*3*16500~CLP*CX156739X5*1*7500*3200**13*EXTYVG3R40000*13*3~NM1*QC*1*KAPLAN*SARAH****MI*W265892325~NM1*82*2*THE RENFREW CENTER OF NEW YORK*****XX*1568561298~REF*G1*074612000~REF*1L*0232494-017-00585-NA~REF*CE*AETNA OPEN ACCESS  MANAGED CHOICE NET 00357~DTM*232*20260608~DTM*233*20260612~DTM*050*20260618~PER*CX**TE*8886323862~AMT*AU*7500~SVC*HC:H0035*1500*640*0912*1~DTM*472*20260608~CAS*CO*45*860~REF*6R*CX156739X67729.002~AMT*B6*640~SVC*HC:H0035*1500*640*0912*1~DTM*472*20260609~CAS*CO*45*860~REF*6R*CX156739X67730.001~AMT*B6*640~SVC*HC:H0035*1500*640*0912*1~DTM*472*20260610~CAS*CO*45*860~REF*6R*CX156739X67731.001~AMT*B6*640~SVC*HC:H0035*1500*640*0912*1~DTM*472*20260611~CAS*CO*45*860~REF*6R*CX156739X67732.001~AMT*B6*640~SVC*HC:H0035*1500*640*0912*1~DTM*472*20260612~CAS*CO*45*860~REF*6R*CX156739X67733.001~AMT*B6*640~CLP*CX156738X4*1*4500*1920**12*EYPDVG3PQ0000*13*3~NM1*QC*1*SMITH*AKIA****MI*W283325345~NM1*82*2*THE RENFREW CENTER OF NEW YORK*****XX*1568561298~REF*G1*074697362~REF*1L*0237712-013-00001-CA~REF*CE*AETNA OPEN ACCESS  ELECT CHOICE NET 12104~DTM*232*20260608~DTM*233*20260610~DTM*050*20260618~PER*CX**TE*8886323862~AMT*AU*4500~SVC*HC:H0035*1500*640*0912*1~DTM*472*20260608~CAS*CO*45*860~REF*6R*CX156738X67729.002~AMT*B6*640~SVC*HC:H0035*1500*640*0912*1~DTM*472*20260609~CAS*CO*45*860~REF*6R*CX156738X67730.001~AMT*B6*640~SVC*HC:H0035*1500*640*0912*1~DTM*472*20260610~CAS*CO*45*860~REF*6R*CX156738X67731.001~AMT*B6*640~CLP*CX156737X3*1*4500*1920**13*EYY2VG3RG0000*13*4~NM1*QC*1*FREESMAN*GABRIELLE****MI*W287410953~NM1*82*2*THE RENFREW CENTER OF NEW YORK*****XX*1568561298~REF*G1*074523478~REF*1L*0181808-014-00023-IA~REF*CE*AETNA OPEN ACCESS  MANAGED CHOICE NET 00357~DTM*232*20260609~DTM*233*20260612~DTM*050*20260618~PER*CX**TE*8886323862~AMT*AU*4500~SVC*HC:H0035*1500*640*0912*1~DTM*472*20260609~CAS*CO*45*860~REF*6R*CX156737X67730.001~AMT*B6*640~SVC*HC:H0035*1500*640*0912*1~DTM*472*20260611~CAS*CO*45*860~REF*6R*CX156737X67732.001~AMT*B6*640~SVC*HC:H0035*1500*640*0912*1~DTM*472*20260612~CAS*CO*45*860~REF*6R*CX156737X67733.002~AMT*B6*640~SE*106*000000001~ST*835*000000002~BPR*I*5760*C*ACH*CCP*01*011900445*DA*0000009046*1066033492**01*121000248*DA*4122170038*20260630~TRN*1*826176000365613*1066033492~REF*EV*133052274~DTM*405*20260625~N1*PR*AETNA~N3*151 FARMINGTON AVENUE~N4*HARTFORD*CT*06156~REF*2U*60054~PER*BL*PROVIDER SERVICE~N1*PE*THE RENFREW CENTER OF NEW YORK, LLC*XX*1568561298~N3*PO BOX 713700~N4*PHILADELPHIA*PA*191713700~REF*PQ*466797690~REF*TJ*522227870~LX*1~TS3*1568561298*22*20261231*3*18000~CLP*CX156740X6*1*7500*3200**13*EXJNVG3QL0000*13*3~NM1*QC*1*RYAN*OLIVIA*ZAYAS***MI*W29441231901~NM1*82*2*THE RENFREW CENTER OF NEW YORK*****XX*1568561298~REF*G1*074896287~REF*1L*0237164-010-00004- B~REF*CE*AETNA CHOICE  POS II NET 00357~DTM*232*20260608~DTM*233*20260612~DTM*050*20260618~PER*CX**TE*8886323862~AMT*AU*7500~SVC*HC:H0035*1500*640*0912*1~DTM*472*20260608~CAS*CO*45*860~REF*6R*CX156740X67729.002~AMT*B6*640~SVC*HC:H0035*1500*640*0912*1~DTM*472*20260609~CAS*CO*45*860~REF*6R*CX156740X67730.001~AMT*B6*640~SVC*HC:H0035*1500*640*0912*1~DTM*472*20260610~CAS*CO*45*860~REF*6R*CX156740X67731.001~AMT*B6*640~SVC*HC:H0035*1500*640*0912*1~DTM*472*20260611~CAS*CO*45*860~REF*6R*CX156740X67732.002~AMT*B6*640~SVC*HC:H0035*1500*640*0912*1~DTM*472*20260612~CAS*CO*45*860~REF*6R*CX156740X67733.001~AMT*B6*640~CLP*CX156736X2*1*4500*0**13*EZADVG3PG0000*13*3~NM1*QC*1*RIVERA*JESSICA****MI*W271374843~NM1*82*2*THE RENFREW CENTER OF NEW YORK*****XX*1568561298~REF*1L*0285593-014-00010-HA~REF*CE*AETNA CHOICE  POS II NET 00357~DTM*232*20260608~DTM*233*20260612~DTM*050*20260618~PER*CX**TE*8886323862~SVC*HC:H0035*1500*0*0912*0**1~DTM*472*20260608~CAS*CO*197*1500*1~REF*6R*CX156736X67729.001~SVC*HC:H0035*1500*0*0912*0**1~DTM*472*20260610~CAS*CO*197*1500*1~REF*6R*CX156736X67731.001~SVC*HC:H0035*1500*0*0912*0**1~DTM*472*20260612~CAS*CO*197*1500*1~REF*6R*CX156736X67733.001~CLP*CX156735X1*1*6000*2560**13*EZTYVG3NJ0000*13*3~NM1*QC*1*ABEYWARDENA*MELANIE~NM1*IL*1*ABEYWARDENA*JENNIFER****MI*W27238689902~NM1*74*1******C*W272386899~NM1*82*2*THE RENFREW CENTER OF NEW YORK*****XX*1568561298~REF*G1*074689378~REF*1L*0144206-010-00005- A~REF*CE*AETNA CHOICE  POS II NET 00357~DTM*232*20260608~DTM*233*20260611~DTM*050*20260618~PER*CX**TE*8886323862~AMT*AU*6000~SVC*HC:H0035*1500*640*0912*1~DTM*472*20260608~CAS*CO*45*860~REF*6R*CX156735X67729.002~AMT*B6*640~SVC*HC:H0035*1500*640*0912*1~DTM*472*20260609~CAS*CO*45*860~REF*6R*CX156735X67730.001~AMT*B6*640~SVC*HC:H0035*1500*640*0912*1~DTM*472*20260610~CAS*CO*45*860~REF*6R*CX156735X67731.001~AMT*B6*640~SVC*HC:H0035*1500*640*0912*1~DTM*472*20260611~CAS*CO*45*860~REF*6R*CX156735X67732.001~AMT*B6*640~SE*108*000000002~GE*2*454208674~IEA*1*454208674~