ISA*00*          *00*          *ZZ*CHC            *ZZ*00962249       *260616*0646*^*00501*692203859*0*P*:~GS*HP*CHC*00962249*20260616*06461400*692203859*X*005010X221A1~ST*835*000000001~BPR*I*3185*C*ACH*CCP*01*031100225*DA*2079950064280/*1220999690*999999999*01*121000248*DA*4122170038*20260615~TRN*1*0031542005*1220999690*8352026061600024947~REF*EV*1164514691~DTM*405*20260615~N1*PR*HORIZON BCBSNJ~N3*P O  BOX 420~N4*NEWARK*NJ*071010420~REF*2U*22099~PER*BL*HORIZON BCBSNJ*EM*HORIZONEDI@HORIZONBLUE.COM*TE*8883349242~N1*PE*THE RENFREW CENTER OF NEW JERS*XX*1164514691~N3*PO BOX 713700~N4*PHILADELPHIA*PA*191713700~REF*PQ*001368~REF*TJ*223704728~LX*1~CLP*CX155598X3*1*7500*3185**13*780202614022159   00*13*2~NM1*QC*1*WELLBORN*GEORGIA****MI*YHQ3HZN74396740~NM1*IL*1*WELLBORN*TESSA****MI*YHQ3HZN74396740~NM1*74*1******C*YHQ3HZN743967404~NM1*82*2*ASHLEY  HOADLEY*****XX*1821357682~DTM*232*20260511~DTM*233*20260515~DTM*050*20260520~PER*CX*NATIONAL ACCOUNTS POS*TE*8006244758~AMT*AU*3185~AMT*T2*3185~SVC*HC:H0035*1500*637*0912*1~DTM*472*20260511~CAS*CO*45*863~REF*6R*CX155598X67701.002~REF*APC*00000~AMT*B6*637~SVC*HC:H0035*1500*637*0912*1~DTM*472*20260512~CAS*CO*45*863~REF*6R*CX155598X67702.003~REF*APC*00000~AMT*B6*637~SVC*HC:H0035*1500*637*0912*1~DTM*472*20260513~CAS*CO*45*863~REF*6R*CX155598X67703.003~REF*APC*00000~AMT*B6*637~SVC*HC:H0035*1500*637*0912*1~DTM*472*20260514~CAS*CO*45*863~REF*6R*CX155598X67704.004~REF*APC*00000~AMT*B6*637~SVC*HC:H0035*1500*637*0912*1~DTM*472*20260515~CAS*CO*45*863~REF*6R*CX155598X67705.004~REF*APC*00000~AMT*B6*637~SE*58*000000001~GE*1*692203859~IEA*1*692203859~