ISA*00*          *00*          *ZZ*CHC            *ZZ*00962249       *260711*0814*^*00501*799407831*0*P*:~GS*HP*CHC*00962249*20260711*08141600*799407831*X*005010X221A1~ST*835*000000001~BPR*I*1221*C*CHK************20260708~TRN*1*964988488*1411648670~REF*EV*133052274~REF*F2*PM~DTM*405*20260711~N1*PR*EVERNORTH BEHAVIORAL HEALTH, INC.~N3*P.O. BOX 182223~N4*CHATTANOOGA*TN*374227223~REF*2U*62308~PER*BL*EDI HELP DESK*TE*8008103388~N1*PE*RENFREW CTR OF NEW YORK*XX*1568561298~N3*PO BOX 713700~N4*PHILADELPHIA*PA*191713700~REF*TJ*522227870~LX*1~TS3*1568561298*13*20261231*1*2250~CLP*CX157535X1*1*2250*1221**13*8682618996962*13*3~NM1*QC*1*BERGER*EMILY****MI*U8797607301~REF*1L*3343043~REF*CE*OPEN ACCESS PLUS~REF*EA*IDX134556X5~REF*G1*NO AUTHORIZATION REQUIRED~DTM*050*20260708~DTM*232*20260629~DTM*233*20260702~PER*CX*MEMBER SERVICES*TE*8002446224~AMT*AU*1221~SVC*HC:S9480*750*407*0905*1~DTM*150*20260629~DTM*151*20260629~CAS*CO*45*343~REF*6R*CX157535X67750.001~AMT*B6*407~SVC*HC:S9480*750*407*0905*1~DTM*150*20260701~DTM*151*20260701~CAS*CO*45*343~REF*6R*CX157535X67752.001~AMT*B6*407~SVC*HC:S9480*750*407*0905*1~DTM*150*20260702~DTM*151*20260702~CAS*CO*45*343~REF*6R*CX157535X67753.001~AMT*B6*407~SE*47*000000001~GE*1*799407831~IEA*1*799407831~