ISA*00*          *00*          *ZZ*CHC            *ZZ*00962249       *260623*0215*^*00501*211205134*0*P*:~GS*HP*CHC*00962249*20260623*02150400*211205134*X*005010X221A1~ST*835*000000001~BPR*I*2261*C*ACH*CCP*01*042100272*DA*7480795058*1591031071**01*121000248*DA*4122170038*20260623~TRN*1*603400917130*1591031071~REF*EV*133052274~REF*F2*GWFC~DTM*405*20260618~N1*PR*GREATWESTHEALTHCARE-CIGNA~N3*8505 E. ORCHARD RD~N4*GREENWOOD VILLAGE*CO*80111~REF*2U*62308~PER*CX*GWHC EDIPROD*EM*EDIESCALATEDREQUESTS@CIGNA.COM*TE*8008103388~PER*BL*EDI HELP DESK*TE*8008103388~N1*PE*RENFREW CENTER OF FLORIDA LLC*XX*1912008137~N3*PO BOX 713700~N4*PHILADELPHIA*PA*191713700~REF*TJ*200995125~LX*1~TS3*1912008137*13*20261231*3*5250~CLP*CX156700X1*1*750*323**13*262231823400*13*4~NM1*QC*1*MCCLEAN*HALLIE****MI*11109053801~NM1*IL*1*MCCLEAN*KRISTINA*C***MI*11109053800~REF*1L*00657494~REF*CE*OPEN ACCESS PLUS~REF*EA*IDX135370X4~DTM*050*20260617~DTM*232*20260610~DTM*233*20260610~AMT*AU*323~SVC*HC:S9480*750*323*0905*1~CAS*CO*45*427~REF*APC*0~REF*6R*CX156700X67731.003~AMT*B6*323~CLP*CX156701X2*1*2250*969**13*262232008100*13*3~NM1*QC*1*MANZ*ROBIN****MI*11245485300~REF*1L*00660378~REF*CE*OPEN ACCESS PLUS~REF*EA*IDX135734X4~REF*G1*NO AUTHORIZATION REQUIRED~DTM*050*20260617~DTM*232*20260608~DTM*233*20260612~AMT*AU*969~SVC*HC:S9480*750*323*0905*1~DTM*150*20260608~DTM*151*20260608~CAS*CO*45*427~REF*APC*0~REF*6R*CX156701X67729.004~AMT*B6*323~SVC*HC:S9480*750*323*0905*1~DTM*150*20260610~DTM*151*20260610~CAS*CO*45*427~REF*APC*0~REF*6R*CX156701X67731.004~AMT*B6*323~SVC*HC:S9480*750*323*0905*1~DTM*150*20260612~DTM*151*20260612~CAS*CO*45*427~REF*APC*0~REF*6R*CX156701X67733.002~AMT*B6*323~CLP*CX156707X1*1*2250*969**13*262231669400*13*3~NM1*QC*1*LOUHIER*MEGAN****MI*11251225200~REF*1L*00656485~REF*CE*OPEN ACCESS PLUS~REF*EA*IDX106977X14~REF*G1*N/A--NO AUTH REQUIRED~DTM*050*20260617~DTM*232*20260608~DTM*233*20260611~AMT*AU*969~SVC*HC:S9480:95*750*323*0905*1~DTM*150*20260608~DTM*151*20260608~CAS*CO*45*427~REF*APC*0~REF*6R*CX156707X67729.001~AMT*B6*323~SVC*HC:S9480:95*750*323*0905*1~DTM*150*20260609~DTM*151*20260609~CAS*CO*45*427~REF*APC*0~REF*6R*CX156707X67730.001~AMT*B6*323~SVC*HC:S9480:95*750*323*0905*1~DTM*150*20260611~DTM*151*20260611~CAS*CO*45*427~REF*APC*0~REF*6R*CX156707X67732.001~AMT*B6*323~SE*96*000000001~GE*1*211205134~IEA*1*211205134~