ISA*00*          *00*          *ZZ*CHC            *ZZ*00962249       *260624*0820*^*00501*334805940*0*P*:~GS*HP*CHC*00962249*20260624*08201700*334805940*X*005010X221A1~ST*835*000000001~BPR*I*9408*C*ACH*CCP*01*004401195*DA*0000070420*1411648670**01*121000248*DA*4122170038*20260626~TRN*1*260623090063759*1411648670~REF*EV*133052274~REF*F2*PM~DTM*405*20260624~N1*PR*EVERNORTH BEHAVIORAL HEALTH, INC.~N3*P.O. BOX 182223~N4*CHATTANOOGA*TN*374227223~REF*2U*62308~PER*BL*EDI HELP DESK*TE*8008103388~N1*PE*RENFREW CTR OF PA*XX*1417971904~N3*PO BOX 713700~N4*PHILADELPHIA*PA*191713700~REF*TJ*200994813~LX*1~TS3*1417971904*11*20261231*1*21000~CLP*CX156632X1*1*21000*9408**13*7682616895589*11*3~NM1*QC*1*KOEHLER*BETHANY****MI*U0643892903~NM1*IL*1*KOEHLER*JACLYNN****MI*U0643892901~REF*1L*3343777~REF*CE*OPEN ACCESS PLUS~REF*EA*IDX136285X3~REF*G1*IP2760048356~REF*BB*002615531917436~DTM*050*20260617~DTM*232*20260608~DTM*233*20260614~PER*CX*MEMBER SERVICES*TE*8002446224~AMT*AU*9408~SVC*NU:1001*3000*1344**1~DTM*150*20260608~DTM*151*20260608~CAS*CO*45*1656~REF*6R*CX156632X67729.003~AMT*B6*1344~SVC*NU:1001*3000*1344**1~DTM*150*20260609~DTM*151*20260609~CAS*CO*45*1656~REF*6R*CX156632X67730.003~AMT*B6*1344~SVC*NU:1001*3000*1344**1~DTM*150*20260610~DTM*151*20260610~CAS*CO*45*1656~REF*6R*CX156632X67731.003~AMT*B6*1344~SVC*NU:1001*3000*1344**1~DTM*150*20260611~DTM*151*20260611~CAS*CO*45*1656~REF*6R*CX156632X67732.004~AMT*B6*1344~SVC*NU:1001*3000*1344**1~DTM*150*20260612~DTM*151*20260612~CAS*CO*45*1656~REF*6R*CX156632X67733.004~AMT*B6*1344~SVC*NU:1001*3000*1344**1~DTM*150*20260613~DTM*151*20260613~CAS*CO*45*1656~REF*6R*CX156632X67734.004~AMT*B6*1344~SVC*NU:1001*3000*1344**1~DTM*150*20260614~DTM*151*20260614~CAS*CO*45*1656~REF*6R*CX156632X67735.002~AMT*B6*1344~SE*73*000000001~GE*1*334805940~IEA*1*334805940~