ISA*00*          *00*          *ZZ*CHC            *ZZ*00962249       *260708*0835*^*00501*544406594*0*P*:~GS*HP*CHC*00962249*20260708*08350300*544406594*X*005010X221A1~ST*835*000000001~BPR*I*4639.78*C*ACH*CCP*01*124384877*DA*1470858534*1411289245*000087726*01*121000248*DA*4122170038*20260710~TRN*1*26189B1000036125*1411289245*000087726~REF*EV*B00099999800~DTM*405*20260708~N1*PR*UNITED HEALTHCARE INSURANCE COMPANY~N3*PO BOX 30755~N4*SALT LAKE CITY*UT*841300755~REF*2U*87726~PER*CX*UNITED BEHAVIORAL HEALTH*TE*8003338724~PER*BL*UNKNOWN*UR*WWW.UNITEDHEALTHCAREONLINE.COM/B2C/CONTACTUS.DO~N1*PE*THE RENFREW CENTER OF FLORIDA LLC*XX*1912008137~N3*PO BOX 823700~N4*PHILADELPHIA*PA*19182~REF*TJ*200995125~LX*1~CLP*CX156465X2*1*4500*1737**15*26XF13166900*13*3~NM1*QC*1*ORI*CAROLINE****MI*A8006231403~NM1*IL*1*ORI*KEITH****MI*A8006231400~NM1*74*1***A***C*A80062314~REF*G1*CMD3X~REF*1L*AV001548~REF*CE*THE RENFREW CENTER OF FLORIDA LLC~REF*EA*IDX135892X3~DTM*232*20260602~DTM*233*20260605~DTM*050*20260610~AMT*AU*1737~AMT*I*5.56~SVC*HC:H0035*1500*579*0912*1~DTM*472*20260602~CAS*CO*45*921~REF*6R*CX156465X67723.002~AMT*B6*579~SVC*HC:H0035*1500*579*0912*1~DTM*472*20260603~CAS*CO*45*921~REF*6R*CX156465X67724.003~AMT*B6*579~SVC*HC:H0035*1500*579*0912*1~DTM*472*20260605~CAS*CO*45*921~REF*6R*CX156465X67726.003~AMT*B6*579~CLP*CX156706X2*1*6000*2316**15*26XF35928700*13*3~NM1*QC*1*ORI*CAROLINE****MI*A8006231403~NM1*IL*1*ORI*KEITH****MI*A8006231400~NM1*74*1***A***C*A80062314~REF*G1*CMD3X~REF*1L*AV001548~REF*CE*THE RENFREW CENTER OF FLORIDA LLC~REF*EA*IDX135892X3~DTM*232*20260609~DTM*233*20260612~DTM*050*20260617~AMT*AU*2316~AMT*I*2.22~SVC*HC:H0035*1500*579*0912*1~DTM*472*20260609~CAS*CO*45*921~REF*6R*CX156706X67730.002~AMT*B6*579~SVC*HC:H0035*1500*579*0912*1~DTM*472*20260610~CAS*CO*45*921~REF*6R*CX156706X67731.005~AMT*B6*579~SVC*HC:H0035*1500*579*0912*1~DTM*472*20260611~CAS*CO*45*921~REF*6R*CX156706X67732.003~AMT*B6*579~SVC*HC:H0035*1500*579*0912*1~DTM*472*20260612~CAS*CO*45*921~REF*6R*CX156706X67733.003~AMT*B6*579~CLP*CX156967X2*1*1500*579**15*26XF57924000*13*4~NM1*QC*1*ORI*CAROLINE****MI*A8006231403~NM1*IL*1*ORI*KEITH****MI*A8006231400~NM1*74*1***A***C*A80062314~REF*G1*CMD3X~REF*1L*AV001548~REF*CE*THE RENFREW CENTER OF FLORIDA LLC~REF*EA*IDX135892X3~DTM*232*20260615~DTM*233*20260615~DTM*050*20260624~AMT*AU*579~SVC*HC:H0035*1500*579*0912*1~DTM*472*20260615~CAS*CO*45*921~REF*6R*CX156967X67736.003~AMT*B6*579~PLB*1912008137*20261231*L6*-7.78~SE*96*000000001~GE*1*544406594~IEA*1*544406594~