ISA*00*          *00*          *ZZ*CHC            *ZZ*00962249       *260606*0842*^*00501*767604967*0*P*:~GS*HP*CHC*00962249*20260606*08422000*767604967*X*005010X221A1~ST*835*000000001~BPR*I*2212*C*CHK******9999999999*999999999*****20260606~TRN*1*3205955*1942649097*000087726~REF*EV*B00099999800~DTM*405*20260606~N1*PR*UNITED HEALTHCARE INSURANCE COMPANY~N3*P.O. BOX 30755~N4*SALT LAKE CITY*UT*84130~REF*2U*87726~REF*EO*1805600001~PER*BL*UNKNOWN*UR*WWW.UNITEDHEALTHCAREONLINE.COM/B2C/CONTACTUS.DO~N1*PE*RENFREW CENTER OF MASSACHUSETTS LLC*XX*1346674215~N3*PO BOX 713700~N4*PHILADELPHIA*PA*191713700~REF*TJ*463400788~LX*1~CLP*CX156167X2*1*6000*2212**15*26XE91258300*13*3~NM1*QC*1*BRODY*SUSAN****MI*R225801475~NM1*74*1***S***C*034522840~REF*G1*YLR6ZA-01~REF*1L*AW023147~REF*CE*RENFREW CENTER OF MASSACHUSETTS LLC~REF*EA*IDX135763X3~DTM*232*20260526~DTM*233*20260529~DTM*050*20260603~AMT*AU*2212~SVC*HC:H0035*1500*553*0912*1~DTM*472*20260526~CAS*CO*45*947~REF*6R*CX156167X67716.003~REF*HPI*1457919383~AMT*B6*553~SVC*HC:H0035*1500*553*0912*1~DTM*472*20260527~CAS*CO*45*947~REF*6R*CX156167X67717.004~REF*HPI*1457919383~AMT*B6*553~SVC*HC:H0035*1500*553*0912*1~DTM*472*20260528~CAS*CO*45*947~REF*6R*CX156167X67718.003~REF*HPI*1457919383~AMT*B6*553~SVC*HC:H0035*1500*553*0912*1~DTM*472*20260529~CAS*CO*45*947~REF*6R*CX156167X67719.003~REF*HPI*1457919383~AMT*B6*553~SE*52*000000001~GE*1*767604967~IEA*1*767604967~