ISA*00*          *00*          *ZZ*CHC            *ZZ*00962249       *260701*0821*^*00501*942008980*0*P*:~GS*HP*CHC*00962249*20260701*08212300*942008980*X*005010X221A1~ST*835*000000001~BPR*I*2055*C*CHK************20260625~TRN*1*964977269*1411648670~REF*EV*133052274~REF*F2*PM~DTM*405*20260701~N1*PR*EVERNORTH BEHAVIORAL HEALTH, INC.~N3*P.O. BOX 182223~N4*CHATTANOOGA*TN*374227223~REF*2U*62308~PER*BL*EDI HELP DESK*TE*8008103388~N1*PE*RENFREW CTR OF GA LLC*XX*1225373145~N3*PO BOX 713700~N4*PHILADELPHIA*PA*191713700~REF*TJ*461429049~LX*1~TS3*1225373145*13*20261231*1*4500~CLP*CX157095X1*1*4500*2055**13*7682617694675*13*4~NM1*QC*1*GREENSTEIN*HAILEY*E***MI*U0135419603~NM1*IL*1*GREENSTEIN*JEREMY****MI*U0135419601~REF*1L*3213088~REF*CE*OPEN ACCESS PLUS~REF*EA*IDX136123X3~REF*G1*NO AUTHORIZATION REQUIRED~DTM*050*20260625~DTM*232*20260615~DTM*233*20260617~PER*CX*MEMBER SERVICES*TE*8002446224~AMT*AU*2055~SVC*HC:H0035*1500*685*0912*1~DTM*150*20260615~DTM*151*20260615~CAS*CO*45*815~REF*6R*CX157095X67736.005~AMT*B6*685~SVC*HC:H0035*1500*685*0912*1~DTM*150*20260616~DTM*151*20260616~CAS*CO*45*815~REF*6R*CX157095X67737.003~AMT*B6*685~SVC*HC:H0035*1500*685*0912*1~DTM*150*20260617~DTM*151*20260617~CAS*CO*45*815~REF*6R*CX157095X67738.003~AMT*B6*685~SE*48*000000001~GE*1*942008980~IEA*1*942008980~