ISA*00*          *00*          *ZZ*CHC            *ZZ*00962249       *260705*2022*^*00501*333803974*0*P*:~GS*HP*CHC*00962249*20260705*20223100*333803974*X*005010X221A1~ST*835*000000001~BPR*I*1656*C*ACH*CCP*01*124384877*DA*720000537*1391995276*0000UMR01*01*121000248*DA*4122170038*20260707~TRN*1*CO33829146327576180258049*1391995276*0000UMR01~REF*EV*841162789~DTM*405*20260629~N1*PR*UMR~N3*PO BOX 30541~N4*SALT LAKE CITY*UT*841300541~REF*2U*39026~PER*CX*UMR EDI TEAM*TE*8005575087~PER*BL*UMR EDI TEAM*EM*UMR-EDI-IT-TEAM DL@DS.UHC.COM~N1*PE*THE RENFREW CENTER OF TENNESSEE LLC*XX*1083812762~N3*PO BOX 823700~N4*PHILADELPHIA*PA*19182~REF*TJ*205497459~LX*1~CLP*CX157101X1*1*4500*1656**12*26176427148*13*3~NM1*QC*1*JONGENEEL*AVA~NM1*IL*1*JONGENEEL*KENRIC****MI*51529418~NM1*82*1*SPISAK*RACHAEL****XX*1063897130~REF*1L*76417701~AMT*AU*4500~SVC*HC:H0035*1500*552*0912~DTM*150*20260615~DTM*151*20260619~CAS*CO*45*948~REF*6R*CX157101X67736.004~AMT*B6*552~SVC*HC:H0035*1500*552*0912~DTM*150*20260617~DTM*151*20260619~CAS*CO*45*948~REF*6R*CX157101X67738.003~AMT*B6*552~SVC*HC:H0035*1500*552*0912~DTM*472*20260619~CAS*CO*45*948~REF*6R*CX157101X67740.002~AMT*B6*552~SE*40*000000001~GE*1*333803974~IEA*1*333803974~