ISA*00*          *00*          *ZZ*CHC            *ZZ*00962249       *260626*0717*^*00501*497407522*0*P*:~GS*HP*CHC*00962249*20260626*07172400*497407522*X*005010X221A1~ST*835*000000001~BPR*I*897.6*C*ACH*CCP*01*124384877*DA*1470858534*1411289245*000087726*01*121000248*DA*4122170038*20260630~TRN*1*W363636731*1411289245*000087726~REF*EV*B00099999800~REF*F2*1083~DTM*405*20260625~N1*PR*UNITED HEALTHCARE INSURANCE COMPANY~N3*9900 BREN ROAD~N4*MINNETONKA*MN*553439664~REF*2U*87726~PER*CX*ATLANTA SERVICE CENTER*TE*8778423210~PER*BL*UNKNOWN*UR*WWW.UNITEDHEALTHCAREONLINE.COM/B2C/CONTACTUS.DO~N1*PE*THE RENFREW CENTER OF TENNESSEE LLC*XX*1083812762~N3*PO BOX 823700~N4*PHILADELPHIA*PA*19182~REF*TJ*205497459~LX*1~TS3*1083812762*13*20261231*2*3000~CLP*CX156816X1*1*750*244.8*27.2*13*FV24483607 0129054951*13*4~NM1*QC*1*PEARL*CAITLIN~NM1*IL*1*PEARL*CAITLIN****MI*920439795~NM1*74*1***E~REF*CE*CHOYC+~REF*EA*IDX135592X6~REF*1L*743714~REF*BB*53BMCG01~REF*G1*53BMCG-01~DTM*232*20260608~DTM*233*20260608~DTM*050*20260619~PER*CX*RICHARDSON/SPRGFLD SRVC CNTR*TE*8778423210~AMT*AU*750~SVC*HC:S9480*750*244.8*0905*1~DTM*472*20260608~CAS*CO*45*478~CAS*PR*2*27.2~REF*6R*CX156816X67729.003~AMT*B6*272~CLP*CX156852X1*1*2250*652.8*163.2*13*FV24483608 0098560594*13*2~NM1*QC*1*BOND*ANNABELLA~NM1*IL*1*BOND*PATRICJA****MI*924783635~NM1*74*1**PATRYCJA*A~REF*CE*CHOYC+~REF*EA*IDX136207X3~REF*G1*9KM65L-01~REF*1L*924468~REF*BB*9KM65L01~DTM*232*20260608~DTM*233*20260611~DTM*050*20260619~PER*CX*GREENSBORO SERVICE CENTER*TE*8778423210~AMT*AU*2250~SVC*HC:S9480:95*750*217.6*0905*1~DTM*150*20260608~DTM*151*20260611~CAS*CO*45*478~CAS*PR*2*54.4~REF*6R*CX156852X67729.001~AMT*B6*272~SVC*HC:S9480:95*750*217.6*0905*1~DTM*150*20260608~DTM*151*20260611~CAS*CO*45*478~CAS*PR*2*54.4~REF*6R*CX156852X67731.002~AMT*B6*272~SVC*HC:S9480:95*750*217.6*0905*1~DTM*150*20260608~DTM*151*20260611~CAS*PR*2*54.4~CAS*CO*45*478~REF*6R*CX156852X67732.001~AMT*B6*272~SE*74*000000001~GE*1*497407522~IEA*1*497407522~