ISA*00*          *00*          *ZZ*CHC            *ZZ*00962249       *260714*0846*^*00501*956205659*0*P*:~GS*HP*CHC*00962249*20260714*08465400*956205659*X*005010X221A1~ST*835*000000001~BPR*I*276*C*ACH*CCP*01*124384877*DA*720000035*1742270442*000074227*01*121000248*DA*4122170038*20260716~TRN*1*25289147*1742270442*000074227~REF*EV*BFT220003440~REF*F2*1275~DTM*405*20260714~N1*PR*STUDENT RESOURCES~N3*PO BOX 809025~N4*DALLAS*TX*753809025~REF*2U*74227~PER*CX*CUSTOMER SERVICE*TE*8007670700~PER*BL*UNKNOWN*UR*WWW.UNITEDHEALTHCAREONLINE.COM/B2C/CONTACTUS.DO~N1*PE*THE RENFREW CENTER OF PENNSYLVANIA LLC*XX*1417971904~N3*PO BOX 823700~N4*PHILADELPHIA*PA*19182~REF*TJ*200994813~LX*1~CLP*CX157464X2*1*750*276*20*15*25620411-01-01-003~NM1*QC*1*DESCHLER*EMILY~NM1*IL*1*DESCHLER*EMILY****MI*9976698~REF*1L*2025-294-91~REF*9A*261919918133~DTM*232*20260629~DTM*233*20260629~AMT*AU*296~SVC*HC:S9480*750*276**1**0~DTM*472*20260629~CAS*CO*45*454~CAS*PR*3*20~AMT*B6*296~SE*31*000000001~GE*1*956205659~IEA*1*956205659~