ISA*00*          *00*          *ZZ*CHC            *ZZ*00962249       *260610*0813*^*00501*243406146*0*P*:~GS*HP*CHC*00962249*20260610*08130300*243406146*X*005010X221A1~ST*835*000000001~BPR*I*14345*C*ACH*CCP*01*004401195*DA*0000070420*1411648670**01*121000248*DA*4122170038*20260612~TRN*1*260609090045779*1411648670~REF*EV*133052274~REF*F2*PM~DTM*405*20260610~N1*PR*EVERNORTH BEHAVIORAL HEALTH, INC.~N3*P.O. BOX 182223~N4*CHATTANOOGA*TN*374227223~REF*2U*62308~PER*BL*EDI HELP DESK*TE*8008103388~N1*PE*RENFREW CTR OF MD*XX*1093940405~N3*PO BOX 713700~N4*PHILADELPHIA*PA*191713700~REF*TJ*264628647~LX*1~TS3*1093940405*13*20261231*1*28500~CLP*CX156377X1*1*28500*14345**13*8432616094020*13*2~NM1*QC*1*MORROW*ZOE****MI*U3877860303~NM1*IL*1*MORROW*DEREK****MI*U3877860301~REF*1L*3339276~REF*CE*OPEN ACCESS PLUS IN-NETWORK~REF*EA*IDX133004X11~REF*G1*NO AUTH REQ~DTM*050*20260609~DTM*232*20260501~DTM*233*20260529~PER*CX*MEMBER SERVICES*TE*8002446224~AMT*AU*14345~SVC*HC:H0035*1500*755*0912*1~DTM*150*20260501~DTM*151*20260501~CAS*CO*45*745~REF*6R*CX156377X67691.002~AMT*B6*755~SVC*HC:H0035*1500*755*0912*1~DTM*150*20260504~DTM*151*20260504~CAS*CO*45*745~REF*6R*CX156377X67694.001~AMT*B6*755~SVC*HC:H0035*1500*755*0912*1~DTM*150*20260505~DTM*151*20260505~CAS*CO*45*745~REF*6R*CX156377X67695.001~AMT*B6*755~SVC*HC:H0035*1500*755*0912*1~DTM*150*20260506~DTM*151*20260506~CAS*CO*45*745~REF*6R*CX156377X67696.001~AMT*B6*755~SVC*HC:H0035*1500*755*0912*1~DTM*150*20260507~DTM*151*20260507~CAS*CO*45*745~REF*6R*CX156377X67697.002~AMT*B6*755~SVC*HC:H0035*1500*755*0912*1~DTM*150*20260508~DTM*151*20260508~CAS*CO*45*745~REF*6R*CX156377X67698.001~AMT*B6*755~SVC*HC:H0035*1500*755*0912*1~DTM*150*20260511~DTM*151*20260511~CAS*CO*45*745~REF*6R*CX156377X67701.001~AMT*B6*755~SVC*HC:H0035*1500*755*0912*1~DTM*150*20260513~DTM*151*20260513~CAS*CO*45*745~REF*6R*CX156377X67703.003~AMT*B6*755~SVC*HC:H0035*1500*755*0912*1~DTM*150*20260514~DTM*151*20260514~CAS*CO*45*745~REF*6R*CX156377X67704.001~AMT*B6*755~SVC*HC:H0035*1500*755*0912*1~DTM*150*20260515~DTM*151*20260515~CAS*CO*45*745~REF*6R*CX156377X67705.001~AMT*B6*755~SVC*HC:H0035*1500*755*0912*1~DTM*150*20260518~DTM*151*20260518~CAS*CO*45*745~REF*6R*CX156377X67708.002~AMT*B6*755~SVC*HC:H0035*1500*755*0912*1~DTM*150*20260519~DTM*151*20260519~CAS*CO*45*745~REF*6R*CX156377X67709.002~AMT*B6*755~SVC*HC:H0035*1500*755*0912*1~DTM*150*20260520~DTM*151*20260520~CAS*CO*45*745~REF*6R*CX156377X67710.002~AMT*B6*755~SVC*HC:H0035*1500*755*0912*1~DTM*150*20260521~DTM*151*20260521~CAS*CO*45*745~REF*6R*CX156377X67711.002~AMT*B6*755~SVC*HC:H0035*1500*755*0912*1~DTM*150*20260522~DTM*151*20260522~CAS*CO*45*745~REF*6R*CX156377X67712.001~AMT*B6*755~SVC*HC:H0035*1500*755*0912*1~DTM*150*20260526~DTM*151*20260526~CAS*CO*45*745~REF*6R*CX156377X67716.001~AMT*B6*755~SVC*HC:H0035*1500*755*0912*1~DTM*150*20260527~DTM*151*20260527~CAS*CO*45*745~REF*6R*CX156377X67717.003~AMT*B6*755~SVC*HC:H0035*1500*755*0912*1~DTM*150*20260528~DTM*151*20260528~CAS*CO*45*745~REF*6R*CX156377X67718.002~AMT*B6*755~SVC*HC:H0035*1500*755*0912*1~DTM*150*20260529~DTM*151*20260529~CAS*CO*45*745~REF*6R*CX156377X67719.001~AMT*B6*755~SE*144*000000001~GE*1*243406146~IEA*1*243406146~