ISA*00*          *00*          *ZZ*CHC            *ZZ*00962249       *260622*1814*^*00501*186005212*0*P*:~GS*HP*CHC*00962249*20260622*18144000*186005212*X*005010X221A1~ST*835*000000001~BPR*I*108697*C*ACH*CCP*01*043301627*DA*1069954659C*1341858379**01*121000248*DA*4122170038*20260624~TRN*1*1251391928*1341858379~DTM*405*20260622~N1*PR*INDEPENDENCE BLUE CROSS, LLC~N3*1901 MARKET STREET~N4*PHILADELPHIA*PA*19103~REF*2U*SX055~PER*CX*EDI SUPPORT TEAM*FX*4408355656*TE*4408353511~PER*BL*EDI SUPPORT TEAM~N1*PE*PA THE RENFREW CENTERS*XX*1417971904~N3*PO BOX 823700~N4*PHILADELPHIA*PA*19182~REF*TJ*200994813~LX*1~CLP*CX155255X1*1*162000*76734**HM*20260513523607*11*1~NM1*QC*1*SHUTE*ASHLEY****MI*VYA204522791~REF*CE*3507745~DTM*232*20260312~DTM*233*20260504~DTM*050*20260619~PER*CX**TE*4408353511~AMT*AU*76734~SVC*NU:1001*162000*76734**54**0~DTM*150*20260312~DTM*151*20260504~CAS*CO*45*85266*1~REF*6R*CX155255X67641.003~AMT*B6*76734~CLP*CX155542X1*22*-6000*0**HM*20260520510701*13*7~NM1*QC*1*POWELL*CARA****MI*HSG3HZN51094850~REF*CE*3507745~DTM*232*20260504~DTM*233*20260507~DTM*050*20260619~PER*CX**TE*4408353511~SVC*HC:H0035*-1500*0*0912*1**0~DTM*472*20260504~CAS*OA*94*-1500*1~REF*6R*CX155542X67694.004~LQ*HE*N50~SVC*HC:H0035*-1500*0*0912*1**0~DTM*472*20260505~CAS*OA*94*-1500*1~REF*6R*CX155542X67695.002~LQ*HE*N50~SVC*HC:H0035*-1500*0*0912*1**0~DTM*472*20260506~CAS*OA*94*-1500*1~REF*6R*CX155542X67696.004~LQ*HE*N50~SVC*HC:H0035*-1500*0*0912*1**0~DTM*472*20260507~CAS*OA*94*-1500*1~REF*6R*CX155542X67697.003~LQ*HE*N50~CLP*CX155542X1*1*6000*2876**HM*20260520510701*13*7~NM1*QC*1*POWELL*CARA****MI*HSG3HZN51094850~REF*CE*3507745~DTM*232*20260504~DTM*233*20260507~DTM*050*20260619~PER*CX**TE*4408353511~AMT*AU*2876~SVC*HC:H0035*1500*719*0912*1**0~DTM*472*20260504~CAS*CO*45*781*1~REF*6R*CX155542X67694.004~AMT*B6*719~SVC*HC:H0035*1500*719*0912*1**0~DTM*472*20260505~CAS*CO*45*781*1~REF*6R*CX155542X67695.002~AMT*B6*719~SVC*HC:H0035*1500*719*0912*1**0~DTM*472*20260506~CAS*CO*45*781*1~REF*6R*CX155542X67696.004~AMT*B6*719~SVC*HC:H0035*1500*719*0912*1**0~DTM*472*20260507~CAS*CO*45*781*1~REF*6R*CX155542X67697.003~AMT*B6*719~CLP*CX155759X2*1*7500*3595**HM*20260527522828*13*3~NM1*QC*1*BAKER*CHELSEA****MI*YHQ3HZN12123500~REF*CE*3507745~DTM*232*20260518~DTM*233*20260522~DTM*050*20260619~PER*CX**TE*4408353511~AMT*AU*3595~SVC*HC:H0035*1500*719*0912*1**0~DTM*472*20260518~CAS*CO*45*781*1~REF*6R*CX155759X67708.002~AMT*B6*719~SVC*HC:H0035*1500*719*0912*1**0~DTM*472*20260519~CAS*CO*45*781*1~REF*6R*CX155759X67709.002~AMT*B6*719~SVC*HC:H0035*1500*719*0912*1**0~DTM*472*20260520~CAS*CO*45*781*1~REF*6R*CX155759X67710.002~AMT*B6*719~SVC*HC:H0035*1500*719*0912*1**0~DTM*472*20260521~CAS*CO*45*781*1~REF*6R*CX155759X67711.001~AMT*B6*719~SVC*HC:H0035*1500*719*0912*1**0~DTM*472*20260522~CAS*CO*45*781*1~REF*6R*CX155759X67712.001~AMT*B6*719~CLP*CX155989X3*1*6000*2756*120*HM*20260603536423*13*3~NM1*QC*1*MIKULA*SAMANTHA****MI*XCA6001385100~REF*CE*3507745~DTM*232*20260526~DTM*233*20260529~DTM*050*20260619~PER*CX**TE*4408353511~AMT*AU*2876~SVC*HC:H0035*1500*689*0912*1**0~DTM*472*20260526~CAS*CO*45*781*1~CAS*PR*3*30*1~REF*6R*CX155989X67716.001~AMT*B6*719~SVC*HC:H0035*1500*689*0912*1**0~DTM*472*20260527~CAS*CO*45*781*1~CAS*PR*3*30*1~REF*6R*CX155989X67717.001~AMT*B6*719~SVC*HC:H0035*1500*689*0912*1**0~DTM*472*20260528~CAS*CO*45*781*1~CAS*PR*3*30*1~REF*6R*CX155989X67718.002~AMT*B6*719~SVC*HC:H0035*1500*689*0912*1**0~DTM*472*20260529~CAS*CO*45*781*1~CAS*PR*3*30*1~REF*6R*CX155989X67719.002~AMT*B6*719~CLP*CX155991X5*4*1500*0**HM*20260603536427*13*4~NM1*QC*1*GOODHART*HENRY****MI*QBJ8022121200~REF*CE*3507745~DTM*232*20260526~DTM*050*20260619~PER*CX**TE*4408353511~SVC*HC:H0035*1500*0*0912*1**0~DTM*472*20260526~CAS*CO*16*1500*1~REF*6R*CX155991X67716.002~LQ*HE*N50~CLP*CX155985X2*1*2250*1176**HM*20260603536429*13*3~NM1*QC*1*HOTTEL*SOPHIA****MI*XZJ6108754700~REF*CE*3507745~DTM*232*20260526~DTM*233*20260528~DTM*050*20260619~PER*CX**TE*4408353511~AMT*AU*1176~SVC*HC:S9480*750*392*0905*1**0~DTM*472*20260526~CAS*CO*45*358*1~REF*6R*CX155985X67716.003~AMT*B6*392~SVC*HC:S9480*750*392*0905*1**0~DTM*472*20260527~CAS*CO*45*358*1~REF*6R*CX155985X67717.003~AMT*B6*392~SVC*HC:S9480*750*392*0905*1**0~DTM*472*20260528~CAS*CO*45*358*1~REF*6R*CX155985X67718.002~AMT*B6*392~CLP*CX155992X6*1*4500*2157**HM*20260603536431*13*3~NM1*QC*1*FOOSE*BRITTANY****MI*QBU8173152500~REF*CE*3507745~DTM*232*20260526~DTM*233*20260528~DTM*050*20260619~PER*CX**TE*4408353511~AMT*AU*2157~SVC*HC:H0035*1500*719*0912*1**0~DTM*472*20260526~CAS*CO*45*781*1~REF*6R*CX155992X67716.001~AMT*B6*719~SVC*HC:H0035*1500*719*0912*1**0~DTM*472*20260527~CAS*CO*45*781*1~REF*6R*CX155992X67717.001~AMT*B6*719~SVC*HC:H0035*1500*719*0912*1**0~DTM*472*20260528~CAS*CO*45*781*1~REF*6R*CX155992X67718.002~AMT*B6*719~CLP*CX155986X3*1*3000*1488*80*HM*20260603536434*13*3~NM1*QC*1*LOWENBERG*SOFIA****MI*XZJ6111986300~REF*CE*3507745~DTM*232*20260526~DTM*233*20260529~DTM*050*20260619~PER*CX**TE*4408353511~AMT*AU*1568~SVC*HC:S9480*750*372*0905*1**0~DTM*472*20260526~CAS*CO*45*358*1~CAS*PR*3*20*1~REF*6R*CX155986X67716.003~AMT*B6*392~SVC*HC:S9480*750*372*0905*1**0~DTM*472*20260527~CAS*CO*45*358*1~CAS*PR*3*20*1~REF*6R*CX155986X67717.003~AMT*B6*392~SVC*HC:S9480*750*372*0905*1**0~DTM*472*20260528~CAS*CO*45*358*1~CAS*PR*3*20*1~REF*6R*CX155986X67718.002~AMT*B6*392~SVC*HC:S9480*750*372*0905*1**0~DTM*472*20260529~CAS*CO*45*358*1~CAS*PR*3*20*1~REF*6R*CX155986X67719.004~AMT*B6*392~CLP*CX155983X1*1*3000*1378*60*HM*20260603536570*13*4~NM1*QC*1*DEVLIN-MOHAN*CEIRE****MI*XBU6101334400~REF*CE*3507745~DTM*232*20260527~DTM*233*20260529~DTM*050*20260619~PER*CX**TE*4408353511~AMT*AU*1438~SVC*HC:H0035*1500*689*0912*1**0~DTM*472*20260527~CAS*CO*45*781*1~CAS*PR*3*30*1~REF*6R*CX155983X67717.002~AMT*B6*719~SVC*HC:H0035*1500*689*0912*1**0~DTM*472*20260529~CAS*CO*45*781*1~CAS*PR*3*30*1~REF*6R*CX155983X67719.002~AMT*B6*719~CLP*CX155988X2*1*6000*2876**HM*20260603552910*13*3~NM1*QC*1*BAKER*CHELSEA****MI*YHQ3HZN12123500~REF*CE*3507745~DTM*232*20260526~DTM*233*20260529~DTM*050*20260619~PER*CX**TE*4408353511~AMT*AU*2876~SVC*HC:H0035*1500*719*0912*1**0~DTM*472*20260526~CAS*CO*45*781*1~REF*6R*CX155988X67716.002~AMT*B6*719~SVC*HC:H0035*1500*719*0912*1**0~DTM*472*20260527~CAS*CO*45*781*1~REF*6R*CX155988X67717.001~AMT*B6*719~SVC*HC:H0035*1500*719*0912*1**0~DTM*472*20260528~CAS*CO*45*781*1~REF*6R*CX155988X67718.001~AMT*B6*719~SVC*HC:H0035*1500*719*0912*1**0~DTM*472*20260529~CAS*CO*45*781*1~REF*6R*CX155988X67719.001~AMT*B6*719~CLP*CX149862X1*1*6000*2876**HM*20260608507653*13*7~NM1*QC*1*FARINHOLT*ELENA****MI*D4E841140287~REF*CE*3507745~DTM*232*20260101~DTM*233*20260104~DTM*050*20260619~PER*CX**TE*4408353511~AMT*AU*2876~SVC*HC:H0035*1500*719*0912*1**0~DTM*472*20260101~CAS*CO*45*781*1~REF*6R*154337824211556001~AMT*B6*719~SVC*HC:H0035*1500*719*0912*1**0~DTM*472*20260102~CAS*CO*45*781*1~REF*6R*154337824211556002~AMT*B6*719~SVC*HC:H0035*1500*719*0912*1**0~DTM*472*20260103~CAS*CO*45*781*1~REF*6R*154337824211556003~AMT*B6*719~SVC*HC:H0035*1500*719*0912*1**0~DTM*472*20260104~CAS*CO*45*781*1~REF*6R*154337824211556004~AMT*B6*719~CLP*CX156419X7*1*7500*3595**HM*20260610590330*13*3~NM1*QC*1*D''ANNUNZIO*MADISON****MI*L6Q806855092~REF*CE*3507745~DTM*232*20260601~DTM*233*20260605~DTM*050*20260619~PER*CX**TE*4408353511~AMT*AU*3595~SVC*HC:H0035*1500*719*0912*1**0~DTM*472*20260601~CAS*CO*45*781*1~REF*6R*CX156419X67722.002~AMT*B6*719~SVC*HC:H0035*1500*719*0912*1**0~DTM*472*20260602~CAS*CO*45*781*1~REF*6R*CX156419X67723.001~AMT*B6*719~SVC*HC:H0035*1500*719*0912*1**0~DTM*472*20260603~CAS*CO*45*781*1~REF*6R*CX156419X67724.001~AMT*B6*719~SVC*HC:H0035*1500*719*0912*1**0~DTM*472*20260604~CAS*CO*45*781*1~REF*6R*CX156419X67725.002~AMT*B6*719~SVC*HC:H0035*1500*719*0912*1**0~DTM*472*20260605~CAS*CO*45*781*1~REF*6R*CX156419X67726.001~AMT*B6*719~CLP*CX156414X2*1*7500*3595**HM*20260610590336*13*3~NM1*QC*1*BAKER*CHELSEA****MI*YHQ3HZN12123500~REF*CE*3507745~DTM*232*20260601~DTM*233*20260605~DTM*050*20260619~PER*CX**TE*4408353511~AMT*AU*3595~SVC*HC:H0035*1500*719*0912*1**0~DTM*472*20260601~CAS*CO*45*781*1~REF*6R*CX156414X67722.002~AMT*B6*719~SVC*HC:H0035*1500*719*0912*1**0~DTM*472*20260602~CAS*CO*45*781*1~REF*6R*CX156414X67723.002~AMT*B6*719~SVC*HC:H0035*1500*719*0912*1**0~DTM*472*20260603~CAS*CO*45*781*1~REF*6R*CX156414X67724.001~AMT*B6*719~SVC*HC:H0035*1500*719*0912*1**0~DTM*472*20260604~CAS*CO*45*781*1~REF*6R*CX156414X67725.001~AMT*B6*719~SVC*HC:H0035*1500*719*0912*1**0~DTM*472*20260605~CAS*CO*45*781*1~REF*6R*CX156414X67726.001~AMT*B6*719~CLP*CX156413X1*1*7500*3595**HM*20260610590340*13*3~NM1*QC*1*POWELL*CARA****MI*HSG3HZN51094850~REF*CE*3507745~DTM*232*20260601~DTM*233*20260605~DTM*050*20260619~PER*CX**TE*4408353511~AMT*AU*3595~SVC*HC:H0035*1500*719*0912*1**0~DTM*472*20260601~CAS*CO*45*781*1~REF*6R*CX156413X67722.002~AMT*B6*719~SVC*HC:H0035*1500*719*0912*1**0~DTM*472*20260602~CAS*CO*45*781*1~REF*6R*CX156413X67723.002~AMT*B6*719~SVC*HC:H0035*1500*719*0912*1**0~DTM*472*20260603~CAS*CO*45*781*1~REF*6R*CX156413X67724.001~AMT*B6*719~SVC*HC:H0035*1500*719*0912*1**0~DTM*472*20260604~CAS*CO*45*781*1~REF*6R*CX156413X67725.001~AMT*B6*719~SVC*HC:H0035*1500*719*0912*1**0~DTM*472*20260605~CAS*CO*45*781*1~REF*6R*CX156413X67726.001~AMT*B6*719~CLP*CX156657X7*4*3000*0**HM*20260617542303*13*3~NM1*QC*1*ARTERS*GABRIELLE****MI*B4E141959472001~REF*CE*3507745~DTM*232*20260608~DTM*233*20260611~DTM*050*20260619~PER*CX**TE*4408353511~SVC*HC:H0035*1500*0*0912*1**0~DTM*472*20260608~CAS*CO*96*1500*1~REF*6R*CX156657X67729.001~LQ*HE*N747~SVC*HC:H0035*1500*0*0912*1**0~DTM*472*20260611~CAS*CO*96*1500*1~REF*6R*CX156657X67732.002~LQ*HE*N747~CLP*CX156658X8*4*7500*0**HM*20260617542306*13*3~NM1*QC*1*RIGNEY*MARLEA****MI*SOD135333475001~REF*CE*3507745~DTM*232*20260608~DTM*233*20260612~DTM*050*20260619~PER*CX**TE*4408353511~SVC*HC:H0035*1500*0*0912*1**0~DTM*472*20260608~CAS*CO*96*1500*1~REF*6R*CX156658X67729.001~LQ*HE*N747~SVC*HC:H0035*1500*0*0912*1**0~DTM*472*20260609~CAS*CO*96*1500*1~REF*6R*CX156658X67730.001~LQ*HE*N747~SVC*HC:H0035*1500*0*0912*1**0~DTM*472*20260610~CAS*CO*96*1500*1~REF*6R*CX156658X67731.002~LQ*HE*N747~SVC*HC:H0035*1500*0*0912*1**0~DTM*472*20260611~CAS*CO*96*1500*1~REF*6R*CX156658X67732.001~LQ*HE*N747~SVC*HC:H0035*1500*0*0912*1**0~DTM*472*20260612~CAS*CO*96*1500*1~REF*6R*CX156658X67733.002~LQ*HE*N747~SE*463*000000001~ST*835*000000002~BPR*I*1176*C*ACH*CCP*01*043301627*DA*1069954659C*1341858379**01*121000248*DA*4122170038*20260624~TRN*1*1251391929*1341858379~DTM*405*20260622~N1*PR*INDEPENDENCE BLUE CROSS, LLC~N3*1901 MARKET STREET~N4*PHILADELPHIA*PA*19103~REF*2U*SX055~PER*CX*EDI SUPPORT TEAM*FX*4408355656*TE*4408353511~PER*BL*EDI SUPPORT TEAM~N1*PE*PA THE RENFREW CENTERS*XX*1417971904~N3*PO BOX 823700~N4*PHILADELPHIA*PA*19182~REF*TJ*200994813~LX*1~CLP*CX156423X3*1*2250*1176**HM*20260610590332*13*3~NM1*QC*1*TURNER*CAROLINE****MI*VYW202855069~REF*CE*3502432~DTM*232*20260601~DTM*233*20260604~DTM*050*20260619~PER*CX**TE*4408353511~AMT*AU*1176~SVC*HC:S9480*750*392*0905*1**0~DTM*472*20260601~CAS*CO*45*358*1~REF*6R*CX156423X67722.001~AMT*B6*392~SVC*HC:S9480*750*392*0905*1**0~DTM*472*20260603~CAS*CO*45*358*1~REF*6R*CX156423X67724.001~AMT*B6*392~SVC*HC:S9480*750*392*0905*1**0~DTM*472*20260604~CAS*CO*45*358*1~REF*6R*CX156423X67725.001~AMT*B6*392~SE*39*000000002~ST*835*000000003~BPR*I*1421*C*ACH*CCP*01*043301627*DA*1069954659C*1341858379**01*121000248*DA*4122170038*20260624~TRN*1*1251401496*1341858379~DTM*405*20260622~N1*PR*INDEPENDENCE BLUE CROSS, LLC~N3*1901 MARKET STREET~N4*PHILADELPHIA*PA*19103~REF*2U*SX055~PER*CX*EDI SUPPORT TEAM*FX*4408355656*TE*4408353511~PER*BL*EDI SUPPORT TEAM~N1*PE*PA THE RENFREW CENTERS*XX*1417971904~N3*PO BOX 823700~N4*PHILADELPHIA*PA*19182~REF*TJ*200994813~LX*1~CLP*CX154314X1*1*60000*1421**12*260429238851*89*7~NM1*QC*1*WILLIAMS*NYLA*N***MI*R59089319~NM1*IL*1*WILLIAMS*ROBERT*J***MI*R59089319~REF*CE*100026439~DTM*232*20260330~DTM*050*20260622~PER*CX**TE*4408353511~AMT*AU*1421~SVC*NU:1001*60000*1421**1**0~DTM*472*20260330~CAS*CO*45*58579*1~REF*6R*CX154314X67659.002~AMT*B6*1421~SE*29*000000003~GE*3*186005212~IEA*1*186005212~