ISA*00*          *00*          *ZZ*CHC            *ZZ*00962249       *260713*0619*^*00501*952403823*0*P*:~GS*HP*CHC*00962249*20260713*06195800*952403823*X*005010X221A1~ST*835*000000001~BPR*I*3642*C*ACH*CCP*01*011900445*DA*0000009046*1066033492**01*121000248*DA*4122170038*20260716~TRN*1*826194000315907*1066033492~REF*EV*133052274~DTM*405*20260713~N1*PR*AETNA~N3*151 FARMINGTON AVENUE~N4*HARTFORD*CT*06156~REF*2U*60054~PER*BL*PROVIDER SERVICE~N1*PE*THE RENFREW CENTER OF MASSACHUSETTS, LLC*XX*1346674215~N3*PO BOX 713700~N4*PHILADELPHIA*PA*191713700~REF*PQ*046923740~REF*TJ*463400788~LX*1~TS3*1346674215*22*20261231*4*9000~CLP*CX157622X1*1*3000*1200**13*E7TYVYBYC0000*13*3~NM1*QC*1*KRIVOKRYSENKO*ZOYA~NM1*IL*1*SHYSHYNOVA*INNA****MI*W285581622~MOA***MA15~REF*G1*075104756~REF*1L*0622709-024-00001- D~REF*CE*AETNA CHOICE  POS II NET 00339~DTM*232*20260629~DTM*233*20260630~DTM*050*20260707~PER*CX**TE*8886323862~AMT*AU*3000~SVC*HC:H0035*1500*600*0912*1~DTM*472*20260629~CAS*CO*45*900~REF*6R*CX157622X67750.002~AMT*B6*600~SVC*HC:H0035*1500*600*0912*1~DTM*472*20260630~CAS*CO*45*900~REF*6R*CX157622X67751.003~AMT*B6*600~CLP*CX157622X1*1*3000*1200**13*E7TYVYBYC0001*13*3~NM1*QC*1*KRIVOKRYSENKO*ZOYA~NM1*IL*1*SHYSHYNOVA*INNA****MI*W285581622~MOA***MA15~REF*G1*075104756~REF*1L*0622709-024-00001- D~REF*CE*AETNA CHOICE  POS II NET 00339~DTM*232*20260701~DTM*233*20260702~DTM*050*20260707~PER*CX**TE*8886323862~AMT*AU*3000~SVC*HC:H0035*1500*600*0912*1~DTM*472*20260701~CAS*CO*45*900~REF*6R*CX157622X67752.001~AMT*B6*600~SVC*HC:H0035*1500*600*0912*1~DTM*472*20260702~CAS*CO*45*900~REF*6R*CX157622X67753.003~AMT*B6*600~CLP*CX157628X5*1*1500*690**13*E9JDVGVZ40000*13*3~NM1*QC*1*MURPHY*CHARLOTTE~NM1*IL*1*MURPHY*JEANINE****MI*W047263833~REF*1L*0657263-010-00121-CA~REF*CE*AETNA CHOICE  POS II NET 00339~DTM*232*20260701~DTM*233*20260702~DTM*050*20260707~PER*CX**TE*8886323862~AMT*AU*1500~SVC*HC:S9480*750*345*0905*1~DTM*472*20260701~CAS*CO*45*405~REF*6R*CX157628X67752.003~AMT*B6*345~SVC*HC:S9480*750*345*0905*1~DTM*472*20260702~CAS*CO*45*405~REF*6R*CX157628X67753.001~AMT*B6*345~CLP*CX157626X3*1*1500*552*138*13*E904VLQH70000*13*3~NM1*QC*1*STOLPER*MADELINE~NM1*IL*1*STOLPER*ROBERT****MI*W24079602104~NM1*74*1******C*W240796021~REF*1L*0868654-012-00001-HB~REF*CE*AETNA CHOICE  POS II NET 00339~DTM*232*20260629~DTM*233*20260701~DTM*050*20260707~PER*CX**TE*8886323862~AMT*AU*1500~SVC*HC:S9480*750*276*0905*1~DTM*472*20260629~CAS*CO*45*405~CAS*PR*2*69~REF*6R*CX157626X67750.002~AMT*B6*345~SVC*HC:S9480*750*276*0905*1~DTM*472*20260701~CAS*CO*45*405~CAS*PR*2*69~REF*6R*CX157626X67752.001~AMT*B6*345~SE*105*000000001~GE*1*952403823~IEA*1*952403823~