ISA*00*          *00*          *ZZ*CHC            *ZZ*00962249       *260706*0632*^*00501*356003033*0*P*:~GS*HP*CHC*00962249*20260706*06324200*356003033*X*005010X221A1~ST*835*000000001~BPR*I*9555*C*ACH*CCP*01*031100225*DA*2079950064280/*1220999690*999999999*01*121000248*DA*4122170038*20260704~TRN*1*0031688282*1220999690*8352026070507507195~REF*EV*1164514691~DTM*405*20260704~N1*PR*HORIZON BCBSNJ~N3*P O  BOX 420~N4*NEWARK*NJ*071010420~REF*2U*22099~PER*BL*HORIZON BCBSNJ*EM*HORIZONEDI@HORIZONBLUE.COM*TE*8883349242~N1*PE*THE RENFREW CENTER OF NEW JERS*XX*1164514691~N3*PO BOX 713700~N4*PHILADELPHIA*PA*191713700~REF*PQ*001368~REF*TJ*223704728~LX*1~CLP*CX157240X5*1*1500*637**12*780202618212714   00*13*4~NM1*QC*1*ELAHRACHE*ELAPH****MI*HMZ429W08444~NM1*IL*1*ELAHRACHE*MOD****MI*HMZ429W08444~NM1*82*2*ASHLEY  HOADLEY*****XX*1821357682~DTM*232*20260624~DTM*233*20260624~DTM*050*20260630~PER*CX*HORIZON BLUE CROSS BLUE SHIELD OF NEW JERSEY DIRECT ACCESS*TE*8886662535~AMT*AU*637~AMT*T2*637~SVC*HC:H0035*1500*637*0912*1~DTM*472*20260624~CAS*CO*45*863~REF*6R*CX157240X67745.002~REF*APC*00000~AMT*B6*637~CLP*CX157234X6*1*7500*2548*637*12*780202618212871   00*13*3~NM1*QC*1*ROSENTHAL*JENNA****MI*PFF305W04885~NM1*IL*1*ROSENTHAL*NADINE****MI*PFF305W04885~NM1*82*2*ASHLEY  HOADLEY*****XX*1821357682~DTM*232*20260622~DTM*233*20260626~DTM*050*20260630~PER*CX*HORIZON BLUE CROSS BLUE SHIELD OF NEW JERSEY DIRECT ACCESS*TE*8886662535~AMT*AU*3185~AMT*T2*2548~SVC*HC:H0035*1500*509.6*0912*1~DTM*472*20260622~CAS*PR*2*127.4~CAS*CO*45*863~REF*6R*CX157234X67743.004~REF*APC*00000~AMT*B6*637~SVC*HC:H0035*1500*509.6*0912*1~DTM*472*20260623~CAS*PR*2*127.4~CAS*CO*45*863~REF*6R*CX157234X67744.003~REF*APC*00000~AMT*B6*637~SVC*HC:H0035*1500*509.6*0912*1~DTM*472*20260624~CAS*PR*2*127.4~CAS*CO*45*863~REF*6R*CX157234X67745.003~REF*APC*00000~AMT*B6*637~SVC*HC:H0035*1500*509.6*0912*1~DTM*472*20260625~CAS*PR*2*127.4~CAS*CO*45*863~REF*6R*CX157234X67746.004~REF*APC*00000~AMT*B6*637~SVC*HC:H0035*1500*509.6*0912*1~DTM*472*20260626~CAS*PR*2*127.4~CAS*CO*45*863~REF*6R*CX157234X67747.002~REF*APC*00000~AMT*B6*637~CLP*CX156476X2*1*7500*3185**13*780202616115188   00*13*3~NM1*QC*1*CHACON*ALINA****MI*YHQ3HZN43916320~NM1*IL*1*CHACON*FRANCESCA****MI*YHQ3HZN43916320~NM1*74*1******C*YHQ3HZN439163200~NM1*82*2*ASHLEY  HOADLEY*****XX*1821357682~DTM*232*20260601~DTM*233*20260605~DTM*050*20260609~PER*CX*NATIONAL ACCOUNTS POS*TE*8006244758~AMT*AU*3185~AMT*T2*3185~SVC*HC:H0035*1500*637*0912*1~DTM*472*20260601~CAS*CO*45*863~REF*6R*CX156476X67722.001~REF*APC*00000~AMT*B6*637~SVC*HC:H0035*1500*637*0912*1~DTM*472*20260602~CAS*CO*45*863~REF*6R*CX156476X67723.002~REF*APC*00000~AMT*B6*637~SVC*HC:H0035*1500*637*0912*1~DTM*472*20260603~CAS*CO*45*863~REF*6R*CX156476X67724.001~REF*APC*00000~AMT*B6*637~SVC*HC:H0035*1500*637*0912*1~DTM*472*20260604~CAS*CO*45*863~REF*6R*CX156476X67725.003~REF*APC*00000~AMT*B6*637~SVC*HC:H0035*1500*637*0912*1~DTM*472*20260605~CAS*CO*45*863~REF*6R*CX156476X67726.002~REF*APC*00000~AMT*B6*637~CLP*CX156471X3*1*7500*3185**13*780202616115616   00*13*4~NM1*QC*1*WELLBORN*GEORGIA****MI*YHQ3HZN74396740~NM1*IL*1*WELLBORN*TESSA****MI*YHQ3HZN74396740~NM1*74*1******C*YHQ3HZN743967404~NM1*82*2*ASHLEY  HOADLEY*****XX*1821357682~DTM*232*20260601~DTM*233*20260605~DTM*050*20260609~PER*CX*NATIONAL ACCOUNTS POS*TE*8006244758~AMT*AU*3185~AMT*T2*3185~SVC*HC:H0035*1500*637*0912*1~DTM*472*20260601~CAS*CO*45*863~REF*6R*CX156471X67722.004~REF*APC*00000~AMT*B6*637~SVC*HC:H0035*1500*637*0912*1~DTM*472*20260602~CAS*CO*45*863~REF*6R*CX156471X67723.001~REF*APC*00000~AMT*B6*637~SVC*HC:H0035*1500*637*0912*1~DTM*472*20260603~CAS*CO*45*863~REF*6R*CX156471X67724.003~REF*APC*00000~AMT*B6*637~SVC*HC:H0035*1500*637*0912*1~DTM*472*20260604~CAS*CO*45*863~REF*6R*CX156471X67725.004~REF*APC*00000~AMT*B6*637~SVC*HC:H0035*1500*637*0912*1~DTM*472*20260605~CAS*CO*45*863~REF*6R*CX156471X67726.001~REF*APC*00000~AMT*B6*637~SE*160*000000001~GE*1*356003033~IEA*1*356003033~