ISA*00*          *00*          *ZZ*CHC            *ZZ*00962249       *260624*1140*^*00501*450008728*0*P*:~GS*HP*CHC*00962249*20260624*11404500*450008728*X*005010X221A1~ST*835*000000001~BPR*I*816*C*ACH*CCP*01*124384877*DA*720000537*1391995276*0000UMR01*01*121000248*DA*4122170038*20260626~TRN*1*CE21318129648126169704285*1391995276*0000UMR01~REF*EV*841162789~DTM*405*20260618~N1*PR*UMR~N3*PO BOX 30541~N4*SALT LAKE CITY*UT*841300541~REF*2U*39026~PER*CX*UMR EDI TEAM*TE*8005575087~PER*BL*UMR EDI TEAM*EM*UMR-EDI-IT-TEAM DL@DS.UHC.COM~N1*PE*THE RENFREW CENTER OF TENNESSEE LLC*XX*1083812762~N3*PO BOX 823700~N4*PHILADELPHIA*PA*19182~REF*TJ*205497459~LX*1~CLP*CX156597X1*1*2250*816**12*26162555324*13*3~NM1*QC*1*VENEMA*AUDREY~NM1*IL*1*VENEMA*NATHAN****MI*13497071~NM1*82*1*SPISAK*RACHAEL****XX*1063897130~REF*1L*76430093~AMT*AU*2250~SVC*HC:S9480*750*272*0905~DTM*150*20260601~DTM*151*20260604~CAS*CO*45*478~REF*6R*CX156597X67722.001~AMT*B6*272~SVC*HC:S9480*750*272*0905~DTM*150*20260602~DTM*151*20260604~CAS*CO*45*478~REF*6R*CX156597X67723.001~AMT*B6*272~SVC*HC:S9480*750*272*0905~DTM*472*20260604~CAS*CO*45*478~REF*6R*CX156597X67725.002~AMT*B6*272~SE*40*000000001~GE*1*450008728~IEA*1*450008728~