ISA*00*          *00*          *ZZ*CHC            *ZZ*00962249       *260709*0620*^*00501*608006897*0*P*:~GS*HP*CHC*00962249*20260709*06202000*608006897*X*005010X221A1~ST*835*000000001~BPR*I*847.8*C*ACH*CCP*01*011900445*DA*0000009046*1066033492**01*121000248*DA*4122170038*20260714~TRN*1*826190000196783*1066033492~REF*EV*133052274~DTM*405*20260709~N1*PR*AETNA~N3*151 FARMINGTON AVENUE~N4*HARTFORD*CT*06156~REF*2U*60054~PER*BL*PROVIDER SERVICE~N1*PE*THE RENFREW CENTER OF MARYLAND, LLC*XX*1093940405~N3*P.O. BOX 823700~N4*PHILADELPHIA*PA*191710001~REF*PQ*166347640~REF*TJ*264628647~LX*1~TS3*1093940405*22*20261231*1*2250~CLP*CX157580X1*1*2250*847.8*94.2*12*EXTYVTCQX0000*13*3~NM1*QC*1*ASHENDEN*STACY****MI*W293863352~REF*1L*0622786-010-00009- A~REF*CE*OPEN CHOICE NET 00098~DTM*232*20260629~DTM*233*20260702~DTM*050*20260707~PER*CX**TE*8886323862~AMT*AU*2250~SVC*HC:S9480*750*282.6*0905*1~DTM*472*20260629~CAS*CO*45*436~CAS*PR*2*31.4~REF*6R*CX157580X67750.001~AMT*B6*314~SVC*HC:S9480*750*282.6*0905*1~DTM*472*20260701~CAS*CO*45*436~CAS*PR*2*31.4~REF*6R*CX157580X67752.001~AMT*B6*314~SVC*HC:S9480*750*282.6*0905*1~DTM*472*20260702~CAS*CO*45*436~CAS*PR*2*31.4~REF*6R*CX157580X67753.001~AMT*B6*314~SE*45*000000001~ST*835*000000002~BPR*I*1560*C*ACH*CCP*01*031100209*DA*0000009108*1066033492**01*121000248*DA*4122170038*20260714~TRN*1*826190000196791*1066033492~REF*EV*133052274~DTM*405*20260709~N1*PR*AETNA~N3*151 FARMINGTON AVENUE~N4*HARTFORD*CT*06156~REF*2U*60054~PER*BL*PROVIDER SERVICE~N1*PE*THE RENFREW CENTER OF MARYLAND, LLC*XX*1093940405~N3*PO BOX 823700~N4*PHILADELPHIA*PA*191823700~REF*PQ*166347640~REF*TJ*264628647~LX*1~TS3*1093940405*22*20261231*1*4500~CLP*CX157581X1*1*4500*1560*165*HM*EXJNVTCQQ0000*13*4~NM1*QC*1*ATOR*SCOTT****MI*W204223237~REF*1L*0866065-011-00001- F~REF*CE*AETNA HEALTH NETWORK ONLY  8480  (OPEN A NET 01966~DTM*232*20260629~DTM*233*20260701~DTM*050*20260707~PER*CX**TE*8886323862~AMT*AU*4500~SVC*HC:H0035*1500*520*0912*1~DTM*472*20260629~CAS*CO*45*925~CAS*PR*3*55~REF*6R*CX157581X67750.003~AMT*B6*575~SVC*HC:H0035*1500*520*0912*1~DTM*472*20260630~CAS*CO*45*925~CAS*PR*3*55~REF*6R*CX157581X67751.002~AMT*B6*575~SVC*HC:H0035*1500*520*0912*1~DTM*472*20260701~CAS*CO*45*925~CAS*PR*3*55~REF*6R*CX157581X67752.002~AMT*B6*575~SE*45*000000002~GE*2*608006897~IEA*1*608006897~