ISA*00*          *00*          *ZZ*CHC            *ZZ*00962249       *260625*0618*^*00501*454207913*0*P*:~GS*HP*CHC*00962249*20260625*06183500*454207913*X*005010X221A1~ST*835*000000001~BPR*I*1074*C*ACH*CCP*01*031100209*DA*0000009108*1066033492**01*121000248*DA*4122170038*20260630~TRN*1*826176000009068*1066033492~REF*EV*133052274~DTM*405*20260625~N1*PR*AETNA~N3*151 FARMINGTON AVENUE~N4*HARTFORD*CT*06156~REF*2U*60054~PER*BL*PROVIDER SERVICE~N1*PE*THE RENFREW CENTER OF PHILADELPHIA LLC*XX*1417971904~N3*PO BOX 713700~N4*PHILADELPHIA*PA*191713700~REF*PQ*182224660~REF*TJ*200994813~LX*1~TS3*1417971904*52*20261231*1*2250~CLP*CX156670X1*1*2250*1074**12*E2616702030000*13*3~NM1*QC*1*WANG*MILLIE****MI*W295220569~NM1*82*2*THE RENFREW CENTER OF PENNSYLVANIA,*****XX*1417971904~REF*1L*0724535-036-00101-UA~REF*CE*PPO-MEDICAL NET 00140~DTM*232*20260608~DTM*233*20260611~DTM*050*20260616~PER*CX**TE*8886323862~AMT*AU*2250~SVC*HC:S9480*750*358**1~DTM*472*20260608~CAS*CO*45*392~REF*6R*CX156670X67729.002~AMT*B6*358~SVC*HC:S9480*750*358**1~DTM*472*20260610~CAS*CO*45*392~REF*6R*CX156670X67731.002~AMT*B6*358~SVC*HC:S9480*750*358**1~DTM*472*20260611~CAS*CO*45*392~REF*6R*CX156670X67732.001~AMT*B6*358~SE*43*000000001~GE*1*454207913~IEA*1*454207913~