ISA*00*          *00*          *ZZ*CHC            *ZZ*00962249       *260624*1109*^*00501*335405031*0*P*:~GS*HP*CHC*00962249*20260624*11093500*335405031*X*005010X221A1~ST*835*000000001~BPR*I*5307*C*ACH*CCP*01*004401195*DA*0000070420*1411648670**01*121000248*DA*4122170038*20260626~TRN*1*260623090063760*1411648670~REF*EV*133052274~REF*F2*PM~DTM*405*20260624~N1*PR*EVERNORTH BEHAVIORAL HEALTH, INC.~N3*P.O. BOX 182223~N4*CHATTANOOGA*TN*374227223~REF*2U*62308~PER*BL*EDI HELP DESK*TE*8008103388~N1*PE*RENFREW CTR OF MD*XX*1093940405~N3*PO BOX 713700~N4*PHILADELPHIA*PA*191713700~REF*TJ*264628647~LX*1~TS3*1093940405*13*20261231*3*10500~CLP*CX156785X1*1*750*383**13*9682616906839*13*3~NM1*QC*1*HALSTED*PAIGE****MI*U9669875603~NM1*IL*1*OLSON*ANGELA****MI*U9669875601~REF*1L*3341266~REF*CE*OPEN ACCESS PLUS~REF*EA*IDX135077X4~DTM*050*20260618~DTM*232*20260608~DTM*233*20260608~PER*CX*MEMBER SERVICES*TE*8002446224~AMT*AU*383~SVC*HC:S9480*750*383*0905*1~CAS*CO*45*367~REF*6R*CX156785X67729.002~AMT*B6*383~CLP*CX156784X1*1*7500*3775**13*8432616997612*13*3~NM1*QC*1*MORROW*ZOE****MI*U3877860303~NM1*IL*1*MORROW*DEREK****MI*U3877860301~REF*1L*3339276~REF*CE*OPEN ACCESS PLUS IN-NETWORK~REF*EA*IDX133004X11~REF*G1*NO AUTH REQ~DTM*050*20260618~DTM*232*20260608~DTM*233*20260612~PER*CX*MEMBER SERVICES*TE*8002446224~AMT*AU*3775~SVC*HC:H0035*1500*755*0912*1~DTM*150*20260608~DTM*151*20260608~CAS*CO*45*745~REF*6R*CX156784X67729.002~AMT*B6*755~SVC*HC:H0035*1500*755*0912*1~DTM*150*20260609~DTM*151*20260609~CAS*CO*45*745~REF*6R*CX156784X67730.001~AMT*B6*755~SVC*HC:H0035*1500*755*0912*1~DTM*150*20260610~DTM*151*20260610~CAS*CO*45*745~REF*6R*CX156784X67731.003~AMT*B6*755~SVC*HC:H0035*1500*755*0912*1~DTM*150*20260611~DTM*151*20260611~CAS*CO*45*745~REF*6R*CX156784X67732.001~AMT*B6*755~SVC*HC:H0035*1500*755*0912*1~DTM*150*20260612~DTM*151*20260612~CAS*CO*45*745~REF*6R*CX156784X67733.001~AMT*B6*755~CLP*CX156787X3*1*2250*1149**13*4682616901155*13*4~NM1*QC*1*HARRIS*AMY*S***MI*U8420039801~REF*1L*3210388~REF*CE*OPEN ACCESS PLUS IN-NETWORK~REF*EA*IDX135381X4~REF*G1*NO AUTH REQUIRED~DTM*050*20260618~DTM*232*20260608~DTM*233*20260611~PER*CX*MEMBER SERVICES*TE*8002446224~AMT*AU*1149~SVC*HC:S9480*750*383*0905*1~DTM*150*20260608~DTM*151*20260608~CAS*CO*45*367~REF*6R*CX156787X67729.002~AMT*B6*383~SVC*HC:S9480*750*383*0905*1~DTM*150*20260610~DTM*151*20260610~CAS*CO*45*367~REF*6R*CX156787X67731.001~AMT*B6*383~SVC*HC:S9480*750*383*0905*1~DTM*150*20260611~DTM*151*20260611~CAS*CO*45*367~REF*6R*CX156787X67732.001~AMT*B6*383~SE*104*000000001~GE*1*335405031~IEA*1*335405031~