ISA*00*          *00*          *ZZ*CHC            *ZZ*00962249       *260611*0341*^*00501*227805484*0*P*:~GS*HP*CHC*00962249*20260611*03415900*227805484*X*005010X221A1~ST*835*000000001~BPR*I*6590.95*C*ACH*CCP*01*124384877*DA*720000537*1391995276*0000UMR01*01*121000248*DA*4122170038*20260611~TRN*1*CN17403095682026154620893*1391995276*0000UMR01~REF*EV*841162789~DTM*405*20260603~N1*PR*GOVERNMENT EMPLOYEES HEALTH ASSOCIATION~N3*PO BOX 21172~N4*EAGAN*MN*551211172~REF*2U*39026~PER*CX*CUSTOMER CARE UNIT*TE*8008216136~PER*BL*UMR EDI TEAM*EM*UMR-EDI-IT-TEAM DL@DS.UHC.COM~N1*PE*THE RENFREW CENTER OF GEORGIA LLC*XX*1225373145~N3*PO BOX 823700~N4*PHILADELPHIA*PA*19182~REF*TJ*461429049~LX*1~CLP*135541*1*21000*6590.95*479.05*12*26143329353*13*4~NM1*QC*1*MEMMER*JADA~NM1*IL*1*TAYLOR*ALICIA****MI*G44788082~NM1*82*1*WILLIS*HOLLY****XX*1245855204~REF*1L*76416933~AMT*AU*21000~SVC*HC:H0035*1500*378.75*0912~DTM*150*20260401~DTM*151*20260420~CAS*CO*45*995~CAS*PR*2*126.25~REF*6R*142336752305556001~AMT*B6*505~SVC*HC:H0035*1500*378.75*0912~DTM*150*20260402~DTM*151*20260420~CAS*CO*45*995~CAS*PR*2*126.25~REF*6R*142336752305556002~AMT*B6*505~SVC*HC:H0035*1500*378.75*0912~DTM*150*20260403~DTM*151*20260420~CAS*CO*45*995~CAS*PR*2*126.25~REF*6R*142336752305556003~AMT*B6*505~SVC*HC:H0035*1500*404.7*0912~DTM*150*20260406~DTM*151*20260420~CAS*CO*45*995~CAS*PR*2*100.3~REF*6R*142336752305556004~AMT*B6*505~SVC*HC:H0035*1500*505*0912~DTM*150*20260407~DTM*151*20260420~CAS*CO*45*995~REF*6R*142336752305556005~AMT*B6*505~SVC*HC:H0035*1500*505*0912~DTM*150*20260408~DTM*151*20260420~CAS*CO*45*995~REF*6R*142336752305556006~AMT*B6*505~SVC*HC:H0035*1500*505*0912~DTM*150*20260409~DTM*151*20260420~CAS*CO*45*995~REF*6R*142336752305556007~AMT*B6*505~SVC*HC:H0035*1500*505*0912~DTM*150*20260410~DTM*151*20260420~CAS*CO*45*995~REF*6R*142336752305556008~AMT*B6*505~SVC*HC:H0035*1500*505*0912~DTM*150*20260413~DTM*151*20260420~CAS*CO*45*995~REF*6R*142336752305556009~AMT*B6*505~SVC*HC:H0035*1500*505*0912~DTM*150*20260414~DTM*151*20260420~CAS*CO*45*995~REF*6R*142336752305556010~AMT*B6*505~SVC*HC:H0035*1500*505*0912~DTM*150*20260415~DTM*151*20260420~CAS*CO*45*995~REF*6R*142336752305556011~AMT*B6*505~SVC*HC:H0035*1500*505*0912~DTM*150*20260416~DTM*151*20260420~CAS*CO*45*995~REF*6R*142336752305556012~AMT*B6*505~SVC*HC:H0035*1500*505*0912~DTM*150*20260417~DTM*151*20260420~CAS*CO*45*995~REF*6R*142336752305556013~AMT*B6*505~SVC*HC:H0035*1500*505*0912~DTM*472*20260420~CAS*CO*45*995~REF*6R*142336752305556014~AMT*B6*505~SE*110*000000001~GE*1*227805484~IEA*1*227805484~