ISA*00*          *00*          *ZZ*CHC            *ZZ*00962249       *260703*0343*^*00501*987207774*0*P*:~GS*HP*CHC*00962249*20260703*03432600*987207774*X*005010X221A1~ST*835*000000001~BPR*I*26971.7*C*ACH*CCP*01*124384877*DA*1470858534*1411289245*000087726*01*121000248*DA*4122170038*20260707~TRN*1*W364333241*1411289245*000087726~REF*EV*B00099999800~REF*F2*1083~DTM*405*20260702~N1*PR*UNITED HEALTHCARE INSURANCE COMPANY~N3*9900 BREN ROAD~N4*MINNETONKA*MN*553439664~REF*2U*87726~PER*CX*ATLANTA SERVICE CENTER*TE*8778423210~PER*BL*UNKNOWN*UR*WWW.UNITEDHEALTHCAREONLINE.COM/B2C/CONTACTUS.DO~N1*PE*THE RENFREW CENTER OF PENNSYLVANIA LLC*XX*1417971904~N3*PO BOX 823700~N4*PHILADELPHIA*PA*19182~REF*TJ*200994813~LX*1~TS3*1417971904*11*20261231*9*72750~CLP*CX156911X1*1*2250*888**13*FV40197338 0370049177*13*3~NM1*QC*1*NGUYEN*MICHELLE~NM1*IL*1*NGUYEN*MILLER****MI*971084356~REF*G1*ZPKNQR-01~REF*CE*CHOYC+~REF*EA*IDX114450X11~REF*BB*ZPKNQR01~REF*1L*921741~DTM*232*20260616~DTM*233*20260619~DTM*050*20260624~PER*CX*GREENSBORO SERVICE CENTER*TE*8778423210~AMT*AU*2250~SVC*HC:S9480*750*296*0905*1~DTM*150*20260616~DTM*151*20260619~CAS*CO*45*454~REF*6R*CX156911X67737.003~AMT*B6*296~SVC*HC:S9480*750*296*0905*1~DTM*150*20260616~DTM*151*20260619~CAS*CO*45*454~REF*6R*CX156911X67738.004~AMT*B6*296~SVC*HC:S9480*750*296*0905*1~DTM*150*20260616~DTM*151*20260619~CAS*CO*45*454~REF*6R*CX156911X67740.002~AMT*B6*296~CLP*CX156926X1*1*1500*592**13*FV40197342 0101789466*13*4~NM1*QC*1*NIEVES*LONDON~NM1*IL*1*NIEVES*LESLIE****MI*986559189~NM1*74*1***A~REF*CE*CHOYC+~REF*G1*3J416L-01~REF*1L*931119~REF*BB*3J416L01~REF*EA*IDX135613X5~DTM*232*20260615~DTM*233*20260618~DTM*050*20260624~PER*CX*RICHARDSON/SPRGFLD SRVC CNTR*TE*8778423210~AMT*AU*1500~SVC*HC:S9480:95*750*296*0905*1~DTM*150*20260615~DTM*151*20260618~CAS*CO*45*454~REF*6R*CX156926X67736.003~AMT*B6*296~SVC*HC:S9480:95*750*296*0905*1~DTM*150*20260615~DTM*151*20260618~CAS*CO*45*454~REF*6R*CX156926X67739.003~AMT*B6*296~CLP*CX156935X1*1*1500*592**14*FV40197350 0087523405*13*3~NM1*QC*1*BULL*LILLIAN~NM1*IL*1*BULL*JESSE****MI*995586188~REF*G1*JFNQFY-01~REF*1L*920923~REF*BB*JFNQFY01~REF*CE*CHOYC~REF*EA*IDX135275X6~DTM*232*20260617~DTM*233*20260618~DTM*050*20260624~PER*CX*GREENSBORO SERVICE CENTER*TE*8778423210~AMT*AU*1500~SVC*HC:S9480*750*296*0905*1~DTM*150*20260617~DTM*151*20260618~CAS*CO*45*454~REF*6R*CX156935X67738.001~AMT*B6*296~SVC*HC:S9480*750*296*0905*1~DTM*150*20260617~DTM*151*20260618~CAS*CO*45*454~REF*6R*CX156935X67739.001~AMT*B6*296~CLP*CX156888X1*1*3000*1121**13*FV40197344 0010982843*11*4**883~NM1*QC*1*HAGENBUCH*PAIGE~NM1*IL*1*HAGENBUCH*STEVE****MI*967006133~NM1*74*1**STEVEN*P~REF*CE*CHOYC+~REF*1L*903046~REF*EA*IDX135715X3~REF*G1*AMF1HK-01~REF*BB*AMF1HK01~DTM*232*20260615~DTM*233*20260616~DTM*050*20260624~PER*CX*BUFFALO SERVICE CENTER*TE*8778423210~AMT*AU*3000~SVC*NU:1001*3000*1121**1~DTM*150*20260615~DTM*151*20260616~CAS*CO*45*1879~REF*6R*CX156888X67736.001~AMT*B6*1121~CLP*CX156629X3*1*18000*6308.7*417.3*13*FV16111322 0370290995*11*2**887~NM1*QC*1*COCO*MATTEO~NM1*IL*1*COCO*SCOTT****MI*984400976~NM1*74*1***C~REF*G1*PHBCXY-01~REF*EA*IDX136326X3~REF*BB*PHBCXY01~REF*1L*911779~REF*CE*CHOYC+~DTM*232*20260609~DTM*233*20260614~DTM*050*20260617~PER*CX*GREENSBORO SERVICE CENTER*TE*8778423210~AMT*AU*18000~SVC*NU:1001*3000*1051.45**1~DTM*150*20260609~DTM*151*20260614~CAS*CO*45*1879~CAS*PR*1*69.55~REF*6R*CX156629X67730.004~AMT*B6*1121~SVC*NU:1001*3000*1051.45**1~DTM*150*20260609~DTM*151*20260614~CAS*PR*1*69.55~CAS*CO*45*1879~REF*6R*CX156629X67731.002~AMT*B6*1121~SVC*NU:1001*3000*1051.45**1~DTM*150*20260609~DTM*151*20260614~CAS*PR*1*69.55~CAS*CO*45*1879~REF*6R*CX156629X67732.003~AMT*B6*1121~SVC*NU:1001*3000*1051.45**1~DTM*150*20260609~DTM*151*20260614~CAS*PR*1*69.55~CAS*CO*45*1879~REF*6R*CX156629X67733.003~AMT*B6*1121~SVC*NU:1001*3000*1051.45**1~DTM*150*20260609~DTM*151*20260614~CAS*CO*45*1879~CAS*PR*1*69.55~REF*6R*CX156629X67734.004~AMT*B6*1121~SVC*NU:1001*3000*1051.45**1~DTM*150*20260609~DTM*151*20260614~CAS*PR*1*69.55~CAS*CO*45*1879~REF*6R*CX156629X67735.002~AMT*B6*1121~CLP*CX156628X2*1*21000*7847**13*FV16111324 0089266105*11*3**887~NM1*QC*1*WEGNER*LAUREN~NM1*IL*1*WEGNER*TORSTEN****MI*984804946~REF*CE*CHOYC+~REF*EA*IDX133114X9~REF*BB*FRSVVU01~REF*G1*FRSVVU-01~REF*1L*928108~DTM*232*20260608~DTM*233*20260614~DTM*050*20260617~PER*CX*GREENSBORO SERVICE CENTER*TE*8778423210~AMT*AU*21000~SVC*NU:1001*3000*1121**1~DTM*150*20260608~DTM*151*20260614~CAS*CO*45*1879~REF*6R*CX156628X67729.004~AMT*B6*1121~SVC*NU:1001*3000*1121**1~DTM*150*20260608~DTM*151*20260614~CAS*CO*45*1879~REF*6R*CX156628X67730.004~AMT*B6*1121~SVC*NU:1001*3000*1121**1~DTM*150*20260608~DTM*151*20260614~CAS*CO*45*1879~REF*6R*CX156628X67731.003~AMT*B6*1121~SVC*NU:1001*3000*1121**1~DTM*150*20260608~DTM*151*20260614~CAS*CO*45*1879~REF*6R*CX156628X67732.002~AMT*B6*1121~SVC*NU:1001*3000*1121**1~DTM*150*20260608~DTM*151*20260614~CAS*CO*45*1879~REF*6R*CX156628X67733.002~AMT*B6*1121~SVC*NU:1001*3000*1121**1~DTM*150*20260608~DTM*151*20260614~CAS*CO*45*1879~REF*6R*CX156628X67734.002~AMT*B6*1121~SVC*NU:1001*3000*1121**1~DTM*150*20260608~DTM*151*20260614~CAS*CO*45*1879~REF*6R*CX156628X67735.004~AMT*B6*1121~CLP*CX156637X2*1*21000*7847**13*FV16111330 0010987055*11*3**883~NM1*QC*1*HAGENBUCH*PAIGE~NM1*IL*1*HAGENBUCH*STEVE****MI*967006133~NM1*74*1**STEVEN*P~REF*BB*AMF1HK01~REF*G1*AMF1HK-01~REF*1L*903046~REF*CE*CHOYC+~REF*EA*IDX135715X3~DTM*232*20260608~DTM*233*20260614~DTM*050*20260617~PER*CX*BUFFALO SERVICE CENTER*TE*8778423210~AMT*AU*21000~SVC*NU:1001*3000*1121**1~DTM*150*20260608~DTM*151*20260614~CAS*CO*45*1879~REF*6R*CX156637X67729.004~AMT*B6*1121~SVC*NU:1001*3000*1121**1~DTM*150*20260608~DTM*151*20260614~CAS*CO*45*1879~REF*6R*CX156637X67730.004~AMT*B6*1121~SVC*NU:1001*3000*1121**1~DTM*150*20260608~DTM*151*20260614~CAS*CO*45*1879~REF*6R*CX156637X67731.003~AMT*B6*1121~SVC*NU:1001*3000*1121**1~DTM*150*20260608~DTM*151*20260614~CAS*CO*45*1879~REF*6R*CX156637X67732.002~AMT*B6*1121~SVC*NU:1001*3000*1121**1~DTM*150*20260608~DTM*151*20260614~CAS*CO*45*1879~REF*6R*CX156637X67733.004~AMT*B6*1121~SVC*NU:1001*3000*1121**1~DTM*150*20260608~DTM*151*20260614~CAS*CO*45*1879~REF*6R*CX156637X67734.004~AMT*B6*1121~SVC*NU:1001*3000*1121**1~DTM*150*20260608~DTM*151*20260614~CAS*CO*45*1879~REF*6R*CX156637X67735.003~AMT*B6*1121~CLP*CX157177X1*1*2250*888**13*FV62213233 0370402364*13*3~NM1*QC*1*NGUYEN*MICHELLE~NM1*IL*1*NGUYEN*MILLER****MI*971084356~REF*G1*ZPKNQR-01~REF*BB*ZPKNQR01~REF*CE*CHOYC+~REF*EA*IDX114450X11~REF*1L*921741~DTM*232*20260623~DTM*233*20260626~DTM*050*20260701~PER*CX*GREENSBORO SERVICE CENTER*TE*8778423210~AMT*AU*2250~SVC*HC:S9480*750*296*0905*1~DTM*150*20260623~DTM*151*20260626~CAS*CO*45*454~REF*6R*CX157177X67744.003~AMT*B6*296~SVC*HC:S9480*750*296*0905*1~DTM*150*20260623~DTM*151*20260626~CAS*CO*45*454~REF*6R*CX157177X67745.003~AMT*B6*296~SVC*HC:S9480*750*296*0905*1~DTM*150*20260623~DTM*151*20260626~CAS*CO*45*454~REF*6R*CX157177X67747.003~AMT*B6*296~CLP*CX157198X1*1*2250*888**14*FV62213237 0087608555*13*3~NM1*QC*1*BULL*LILLIAN~NM1*IL*1*BULL*JESSE****MI*995586188~REF*CE*CHOYC~REF*1L*920923~REF*EA*IDX135275X6~REF*BB*JFNQFY01~REF*G1*JFNQFY-01~DTM*232*20260622~DTM*233*20260625~DTM*050*20260701~PER*CX*GREENSBORO SERVICE CENTER*TE*8778423210~AMT*AU*2250~SVC*HC:S9480*750*296*0905*1~DTM*150*20260622~DTM*151*20260625~CAS*CO*45*454~REF*6R*CX157198X67743.002~AMT*B6*296~SVC*HC:S9480*750*296*0905*1~DTM*150*20260622~DTM*151*20260625~CAS*CO*45*454~REF*6R*CX157198X67745.002~AMT*B6*296~SVC*HC:S9480*750*296*0905*1~DTM*150*20260622~DTM*151*20260625~CAS*CO*45*454~REF*6R*CX157198X67746.001~AMT*B6*296~SE*350*000000001~ST*835*000000002~BPR*H*0*C*NON******9999999999*999999999*****20260707~TRN*1*W364333242*1411289245*000087726~REF*EV*B00099999800~REF*F2*1083~DTM*405*20260702~N1*PR*UNITED HEALTHCARE INSURANCE COMPANY~N3*9900 BREN ROAD~N4*MINNETONKA*MN*553439664~REF*2U*87726~PER*CX*ATLANTA SERVICE CENTER*TE*8778423210~PER*BL*UNKNOWN*UR*WWW.UNITEDHEALTHCAREONLINE.COM/B2C/CONTACTUS.DO~N1*PE*THE RENFREW CENTER OF PENNSYLVANIA LLC*XX*1417971904~N3*PO BOX 823700~N4*PHILADELPHIA*PA*19182~REF*TJ*200994813~LX*1~TS3*1417971904*11*20261231*1*9000~CLP*CX156636X1*1*9000*0**14*FV16120159 0087593594*11*4**887~NM1*QC*1*FOX*FAITH~NM1*IL*1*FOX*FAITH****MI*926780481~NM1*74*1**PHILIP*R~REF*G1*GRACED~REF*BB*TS9QQT01~REF*EA*IDX135102X4~REF*CE*NEX OA~REF*1L*920923~DTM*232*20260608~DTM*233*20260611~DTM*050*20260617~SVC*NU:1001*3000*0**1~DTM*150*20260608~DTM*151*20260611~CAS*CO*50*3000~REF*6R*CX156636X67729.002~SVC*NU:1001*3000*0**1~DTM*150*20260608~DTM*151*20260611~CAS*CO*50*3000~REF*6R*CX156636X67730.005~SVC*NU:1001*3000*0**1~DTM*150*20260608~DTM*151*20260611~CAS*CO*50*3000~REF*6R*CX156636X67731.004~SE*46*000000002~GE*2*987207774~IEA*1*987207774~