ISA*00*          *00*          *ZZ*CHC            *ZZ*00962249       *260609*0637*^*00501*946603776*0*P*:~GS*HP*CHC*00962249*20260609*06375500*946603776*X*005010X221A1~ST*835*000000001~BPR*I*2866*C*ACH*CCP*01*031100225*DA*2079950064280/*1220999690*999999999*01*121000248*DA*4122170038*20260608~TRN*1*0031488336*1220999690*8352026060823235285~REF*EV*1164514691~DTM*405*20260608~N1*PR*HORIZON BCBSNJ~N3*P O  BOX 420~N4*NEWARK*NJ*071010420~REF*2U*22099~PER*BL*HORIZON BCBSNJ*EM*HORIZONEDI@HORIZONBLUE.COM*TE*8883349242~N1*PE*THE RENFREW CENTER OF NEW JERS*XX*1164514691~N3*PO BOX 713700~N4*PHILADELPHIA*PA*191713700~REF*PQ*001368~REF*TJ*223704728~LX*1~CLP*CX155352X2*1*6000*2548**13*780202613321354   00*13*4~NM1*QC*1*BURTON*SHARAYNE****MI*YKQ3HZN10160420~NM1*74*1******C*YKQ3HZN101604200~NM1*82*2*ASHLEY  HOADLEY*****XX*1821357682~DTM*232*20260504~DTM*233*20260508~DTM*050*20260513~PER*CX*ADVANTAGE EPO*TE*8003552583~AMT*AU*2548~AMT*T2*2548~SVC*HC:H0035*1500*637*0912*1~DTM*472*20260504~CAS*CO*45*863~REF*6R*CX155352X67694.005~REF*APC*00000~AMT*B6*637~SVC*HC:H0035*1500*637*0912*1~DTM*472*20260505~CAS*CO*45*863~REF*6R*CX155352X67695.004~REF*APC*00000~AMT*B6*637~SVC*HC:H0035*1500*637*0912*1~DTM*472*20260507~CAS*CO*45*863~REF*6R*CX155352X67697.004~REF*APC*00000~AMT*B6*637~SVC*HC:H0035*1500*637*0912*1~DTM*472*20260508~CAS*CO*45*863~REF*6R*CX155352X67698.004~REF*APC*00000~AMT*B6*637~CLP*CX155358X4*1*750*318**13*780202613321399   00*13*4~NM1*QC*1*WELLBORN*GEORGIA****MI*YHQ3HZN74396740~NM1*IL*1*WELLBORN*TESSA****MI*YHQ3HZN74396740~NM1*74*1******C*YHQ3HZN743967404~NM1*82*2*ASHLEY  HOADLEY*****XX*1821357682~DTM*232*20260504~DTM*233*20260504~DTM*050*20260513~PER*CX*NATIONAL ACCOUNTS POS*TE*8006244758~AMT*AU*318~AMT*T2*318~SVC*HC:S9480*750*318*0905*1~DTM*472*20260504~CAS*CO*45*432~REF*6R*CX155358X67694.001~REF*APC*00000~AMT*B6*318~SE*68*000000001~GE*1*946603776~IEA*1*946603776~