ISA*00*          *00*          *ZZ*CHC            *ZZ*00962249       *260709*0620*^*00501*608006914*0*P*:~GS*HP*CHC*00962249*20260709*06202000*608006914*X*005010X221A1~ST*835*000000001~BPR*I*6000*C*ACH*CCP*01*031100209*DA*0000009108*1066033492**01*121000248*DA*4122170038*20260714~TRN*1*826190000127665*1066033492~REF*EV*133052274~DTM*405*20260709~N1*PR*AETNA~N3*151 FARMINGTON AVENUE~N4*HARTFORD*CT*06156~REF*2U*60054~PER*BL*PROVIDER SERVICE~N1*PE*THE RENFREW CENTER OF MASSACHUSETTS, LLC*XX*1346674215~N3*PO BOX 713700~N4*PHILADELPHIA*PA*191713700~REF*PQ*046923740~REF*TJ*463400788~LX*1~TS3*1346674215*52*20261231*2*15000~CLP*CX157083X1*1*7500*3000**12*E2617604960000*13*3~NM1*QC*1*HUANG*HELLEN****MI*W261474572~REF*1L*0711110-036-00101-UE~REF*CE*PPO-MEDICAL NET 00124~DTM*232*20260615~DTM*233*20260619~DTM*050*20260625~PER*CX**TE*8886323862~AMT*AU*7500~SVC*HC:H0035*1500*600**1~DTM*472*20260615~CAS*CO*45*900~REF*6R*CX157083X67736.004~AMT*B6*600~SVC*HC:H0035*1500*600**1~DTM*472*20260616~CAS*CO*45*900~REF*6R*CX157083X67737.003~AMT*B6*600~SVC*HC:H0035*1500*600**1~DTM*472*20260617~CAS*CO*45*900~REF*6R*CX157083X67738.002~AMT*B6*600~SVC*HC:H0035*1500*600**1~DTM*472*20260618~CAS*CO*45*900~REF*6R*CX157083X67739.003~AMT*B6*600~SVC*HC:H0035*1500*600**1~DTM*472*20260619~CAS*CO*45*900~REF*6R*CX157083X67740.002~AMT*B6*600~CLP*CX157354X1*1*7500*3000**12*E2618101780000*13*4~NM1*QC*1*HUANG*HELLEN****MI*W261474572~REF*1L*0711110-036-00101-UE~REF*CE*PPO-MEDICAL NET 00124~DTM*232*20260622~DTM*233*20260626~DTM*050*20260630~PER*CX**TE*8886323862~AMT*AU*7500~SVC*HC:H0035*1500*600**1~DTM*472*20260622~CAS*CO*45*900~REF*6R*CX157354X67743.003~AMT*B6*600~SVC*HC:H0035*1500*600**1~DTM*472*20260623~CAS*CO*45*900~REF*6R*CX157354X67744.003~AMT*B6*600~SVC*HC:H0035*1500*600**1~DTM*472*20260624~CAS*CO*45*900~REF*6R*CX157354X67745.002~AMT*B6*600~SVC*HC:H0035*1500*600**1~DTM*472*20260625~CAS*CO*45*900~REF*6R*CX157354X67746.002~AMT*B6*600~SVC*HC:H0035*1500*600**1~DTM*472*20260626~CAS*CO*45*900~REF*6R*CX157354X67747.002~AMT*B6*600~SE*86*000000001~GE*1*608006914~IEA*1*608006914~