ISA*00*          *00*          *ZZ*CHC            *ZZ*00962249       *260708*0338*^*00501*520405314*0*P*:~GS*HP*CHC*00962249*20260708*03381100*520405314*X*005010X221A1~ST*835*000000001~BPR*H*0*C*NON******9999999999*999999999*****20260710~TRN*1*56218702*1411289245*000087726~REF*EV*BFT220003440~REF*F2*1284~DTM*405*20260707~N1*PR*UNITED HEALTHCARE INSURANCE COMPANY~N3*4 RESEARCH DRIVE~N4*SHELTON*CT*064846282~REF*2U*87726~PER*CX*PROVIDER ESOLUTIONS*TE*8778423210~PER*BL*OPERATIONS*TE*8662740906~N1*PE*RENFREW CENTER*XX*1083812762~N3*PO BOX 823700~N4*PHILADELPHIA*PA*19182~REF*TJ*205497459~LX*1~TS3*A4902092*01*20261231*2*3000~CLP*CX157080X1*1*2250*0**HM*FV43486879*01*3~NM1*QC*1*PENDRAGON*GABRIEL****MI*98640649700~REF*CE*OPTUM HEALTH BEHAVIORAL SERVICES  OHBS~DTM*232*20260616~DTM*233*20260619~SVC*HC:S9480*750*0*0905*0~DTM*472*20260616~CAS*CO*197*750~REF*6R*CX157080X67737.001~SVC*HC:S9480*750*0*0905*0~DTM*472*20260617~CAS*CO*197*750~REF*6R*CX157080X67738.003~SVC*HC:S9480*750*0*0905*0~DTM*472*20260619~CAS*CO*197*750~REF*6R*CX157080X67740.001~CLP*CX157350X1*1*750*0**HM*FV62213083*01*3~NM1*QC*1*PENDRAGON*GABRIEL****MI*98640649700~REF*CE*OPTUM HEALTH BEHAVIORAL SERVICES  OHBS~DTM*232*20260624~DTM*233*20260624~SVC*HC:S9480*750*0*0905*0~DTM*472*20260624~CAS*CO*197*750~REF*6R*CX157350X67745.002~SE*45*000000001~GE*1*520405314~IEA*1*520405314~