ISA*00*          *00*          *ZZ*CHC            *ZZ*00962249       *260627*0649*^*00501*606605275*0*P*:~GS*HP*CHC*00962249*20260627*06490000*606605275*X*005010X221A1~ST*835*000000001~BPR*I*8431*C*CHK************20260518~TRN*1*403091695*1341858379~DTM*405*20260518~N1*PR*AMERIHEALTH INC~N3*1901 MARKET STREET~N4*PHILADELPHIA*PA*19103~REF*2U*SX055~PER*CX*EDI SUPPORT TEAM*FX*4408355656*TE*4408353511~PER*BL*EDI SUPPORT TEAM~N1*PE*THE RENFREW CENTER OF NEW JERSEY LLC*XX*1164514691~N3*PO BOX 713700~N4*PHILADELPHIA*PA*19171~REF*TJ*223704728~LX*1~CLP*CX154204X2*22*-6000*0**HM*20260415519468*13*7~NM1*QC*1*COONEY*ALEXANDRA****MI*QS18167600000~REF*CE*3363135~DTM*232*20260407~DTM*233*20260410~DTM*050*20260514~PER*CX**TE*4408353511~SVC*HC:H0035*-1500*0*0912*1**0~DTM*472*20260407~CAS*OA*94*-1500*1~REF*6R*CX154204X67667.004~LQ*HE*N50~SVC*HC:H0035*-1500*0*0912*1**0~DTM*472*20260408~CAS*OA*94*-1500*1~REF*6R*CX154204X67668.003~LQ*HE*N50~SVC*HC:H0035*-1500*0*0912*1**0~DTM*472*20260409~CAS*OA*94*-1500*1~REF*6R*CX154204X67669.004~LQ*HE*N50~SVC*HC:H0035*-1500*0*0912*1**0~DTM*472*20260410~CAS*OA*94*-1500*1~REF*6R*CX154204X67670.002~LQ*HE*N50~CLP*CX154204X2*1*6000*2876**HM*20260415519468*13*7~NM1*QC*1*COONEY*ALEXANDRA****MI*QS18167600000~REF*CE*3363135~DTM*232*20260407~DTM*233*20260410~DTM*050*20260514~PER*CX**TE*4408353511~AMT*AU*2876~SVC*HC:H0035*1500*719*0912*1**0~DTM*472*20260407~CAS*CO*45*781*1~REF*6R*CX154204X67667.004~AMT*B6*719~SVC*HC:H0035*1500*719*0912*1**0~DTM*472*20260408~CAS*CO*45*781*1~REF*6R*CX154204X67668.003~AMT*B6*719~SVC*HC:H0035*1500*719*0912*1**0~DTM*472*20260409~CAS*CO*45*781*1~REF*6R*CX154204X67669.004~AMT*B6*719~SVC*HC:H0035*1500*719*0912*1**0~DTM*472*20260410~CAS*CO*45*781*1~REF*6R*CX154204X67670.002~AMT*B6*719~CLP*CX154666X1*1*7500*3595**HM*20260428513201*13*3~NM1*QC*1*MCGROARTY*SABRINA****MI*QB16026541905~NM1*IL*1*MCGROARTY*JOSEPH****MI*QB16026541905~REF*CE*3363135~DTM*232*20260420~DTM*233*20260424~DTM*050*20260514~PER*CX**TE*4408353511~AMT*AU*3595~SVC*HC:H0035*1500*719*0912*1**0~DTM*472*20260420~CAS*CO*45*781*1~REF*6R*CX154666X67680.004~AMT*B6*719~SVC*HC:H0035*1500*719*0912*1**0~DTM*472*20260421~CAS*CO*45*781*1~REF*6R*CX154666X67681.002~AMT*B6*719~SVC*HC:H0035*1500*719*0912*1**0~DTM*472*20260422~CAS*CO*45*781*1~REF*6R*CX154666X67682.004~AMT*B6*719~SVC*HC:H0035*1500*719*0912*1**0~DTM*472*20260423~CAS*CO*45*781*1~REF*6R*CX154666X67683.005~AMT*B6*719~SVC*HC:H0035*1500*719*0912*1**0~DTM*472*20260424~CAS*CO*45*781*1~REF*6R*CX154666X67684.004~AMT*B6*719~CLP*CX150611X1*1*3750*1960**HM*20260501541337*13*3~NM1*QC*1*GORMAN*GABRIELLA****MI*QS18177074903~NM1*IL*1*GORMAN*PATRICK****MI*QS18177074903~REF*CE*3363135~DTM*232*20260105~DTM*233*20260115~DTM*050*20260514~PER*CX**TE*4408353511~AMT*AU*1960~SVC*HC:S9480*750*392*0905*1**0~DTM*472*20260105~CAS*CO*45*358*1~REF*6R*CX150611X67575.001~AMT*B6*392~SVC*HC:S9480*750*392*0905*1**0~DTM*472*20260107~CAS*CO*45*358*1~REF*6R*CX150611X67577.003~AMT*B6*392~SVC*HC:S9480*750*392*0905*1**0~DTM*472*20260112~CAS*CO*45*358*1~REF*6R*CX150611X67582.001~AMT*B6*392~SVC*HC:S9480*750*392*0905*1**0~DTM*472*20260114~CAS*CO*45*358*1~REF*6R*CX150611X67584.001~AMT*B6*392~SVC*HC:S9480*750*392*0905*1**0~DTM*472*20260115~CAS*CO*45*358*1~REF*6R*CX150611X67585.001~AMT*B6*392~SE*139*000000001~GE*1*606605275~IEA*1*606605275~