ISA*00*          *00*          *ZZ*CHC            *ZZ*00962249       *260624*0826*^*00501*334807568*0*P*:~GS*HP*CHC*00962249*20260624*08260500*334807568*X*005010X221A1~ST*835*000000001~BPR*I*2629.23*C*CHK************20260620~TRN*1*184986230*1411648670~REF*EV*133052274~REF*F2*PM~DTM*405*20260624~N1*PR*EVERNORTH BEHAVIORAL HEALTH, INC.~N3*P.O. BOX 182223~N4*CHATTANOOGA*TN*374227223~REF*2U*62308~PER*BL*EDI HELP DESK*TE*8008103388~N1*PE*RENFREW CTR OF NRTH CRLN*XX*1841497518~N3*PO BOX 713700~N4*PHILADELPHIA*PA*191713700~REF*TJ*205508748~LX*1~TS3*1841497518*13*20261231*1*7500~CLP*CX156832X1*2*7500*2629.23**13*7682617094827*13*3~NM1*QC*1*BEAVER*MARY****MI*U4620017603~NM1*IL*1*BEAVER*LINDA****MI*U4620017601~REF*1L*3329668~REF*CE*OPEN ACCESS PLUS~REF*EA*IDX136289X3~REF*G1*NO AUTHORIZATION REQUIRED~DTM*050*20260619~DTM*232*20260608~DTM*233*20260612~PER*CX*MEMBER SERVICES*TE*8002446224~AMT*AU*3555~SVC*HC:H0035*1500*711*0912*1~DTM*150*20260608~DTM*151*20260608~CAS*OA*187*-711**23*1500~REF*6R*CX156832X67729.002~AMT*B6*711~SVC*HC:H0035*1500*711*0912*1~DTM*150*20260609~DTM*151*20260609~CAS*OA*187*-711**23*1500~REF*6R*CX156832X67730.002~AMT*B6*711~SVC*HC:H0035*1500*711*0912*1~DTM*150*20260610~DTM*151*20260610~CAS*OA*187*-711**23*1500~REF*6R*CX156832X67731.002~AMT*B6*711~SVC*HC:H0035*1500*496.23*0912*1~DTM*150*20260611~DTM*151*20260611~CAS*OA*187*-496.23**23*1500~REF*6R*CX156832X67732.001~AMT*B6*711~SVC*HC:H0035*1500*0*0912***1~DTM*150*20260612~DTM*151*20260612~CAS*OA*23*1500~REF*6R*CX156832X67733.002~AMT*B6*711~SE*60*000000001~ST*835*000000002~BPR*I*925.77*C*CHK************20260620~TRN*1*964968770*1411648670~REF*EV*133052274~REF*F2*PM~DTM*405*20260624~N1*PR*EVERNORTH BEHAVIORAL HEALTH, INC.~N3*P.O. BOX 182223~N4*CHATTANOOGA*TN*374227223~REF*2U*62308~PER*BL*EDI HELP DESK*TE*8008103388~N1*PE*RENFREW CTR OF NRTH CRLN*XX*1841497518~N3*PO BOX 713700~N4*PHILADELPHIA*PA*191713700~REF*TJ*205508748~LX*1~TS3*1841497518*13*20261231*1*7500~CLP*CX156832X1*19*7500*925.77*2629.23*13*7682617094827*13*3~NM1*QC*1*BEAVER*MARY****MI*U4620017603~NM1*IL*1*BEAVER*LINDA****MI*U4620017601~NM1*TT*2*CIGNA CHOICE FUND*****PI*CIGNA CHOICE FUND~REF*1L*3329668~REF*CE*OPEN ACCESS PLUS~REF*EA*IDX136289X3~REF*G1*NO AUTHORIZATION REQUIRED~DTM*050*20260619~DTM*232*20260608~DTM*233*20260612~PER*CX*MEMBER SERVICES*TE*8002446224~AMT*AU*3555~SVC*HC:H0035*1500*0*0912***1~DTM*150*20260608~DTM*151*20260608~CAS*CO*45*789~CAS*PR*1*711~REF*6R*CX156832X67729.002~AMT*B6*711~SVC*HC:H0035*1500*0*0912***1~DTM*150*20260609~DTM*151*20260609~CAS*CO*45*789~CAS*PR*1*711~REF*6R*CX156832X67730.002~AMT*B6*711~SVC*HC:H0035*1500*0*0912***1~DTM*150*20260610~DTM*151*20260610~CAS*CO*45*789~CAS*PR*1*711~REF*6R*CX156832X67731.002~AMT*B6*711~SVC*HC:H0035*1500*214.77*0912*1~DTM*150*20260611~DTM*151*20260611~CAS*CO*45*789~CAS*PR*1*496.23~REF*6R*CX156832X67732.001~AMT*B6*711~SVC*HC:H0035*1500*711*0912*1~DTM*150*20260612~DTM*151*20260612~CAS*CO*45*789~REF*6R*CX156832X67733.002~AMT*B6*711~SE*65*000000002~GE*2*334807568~IEA*1*334807568~