ISA*00*          *00*          *ZZ*CHC            *ZZ*00962249       *260612*0613*^*00501*332806299*0*P*:~GS*HP*CHC*00962249*20260612*06135500*332806299*X*005010X221A1~ST*835*000000001~BPR*I*1364.25*C*ACH*CCP*01*011900445*DA*0000009046*1066033492**01*121000248*DA*4122170038*20260617~TRN*1*826163000047678*1066033492~REF*EV*133052274~DTM*405*20260612~N1*PR*AETNA~N3*151 FARMINGTON AVENUE~N4*HARTFORD*CT*06156~REF*2U*60054~PER*BL*PROVIDER SERVICE~N1*PE*THE RENFREW CENTER OF TENNESSEE*XX*1083812762~N3*PO BOX 713700~N4*PHILADELPHIA*PA*191713700~REF*PQ*174749620~REF*TJ*205497459~LX*1~TS3*1083812762*22*20261231*2*3750~CLP*CX156618X2*1*2250*913.41**13*E7JNVG9P20000*13*3~NM1*QC*1*MCCONNELL*JAMIE****MI*W278602388~REF*1L*0174987-011-00001-AA~REF*CE*AETNA CHOICE  POS II NET 00395~DTM*232*20260601~DTM*233*20260604~DTM*050*20260611~PER*CX**TE*8886323862~AMT*AU*2250~SVC*HC:S9480:95*750*304.47*0905*1~DTM*472*20260601~CAS*CO*45*445.53~REF*6R*CX156618X67722.002~AMT*B6*304.47~SVC*HC:S9480:95*750*304.47*0905*1~DTM*472*20260603~CAS*CO*45*445.53~REF*6R*CX156618X67724.002~AMT*B6*304.47~SVC*HC:S9480:95*750*304.47*0905*1~DTM*472*20260604~CAS*CO*45*445.53~REF*6R*CX156618X67725.002~AMT*B6*304.47~CLP*CX156587X1*1*1500*450.84*158.1*13*E7TYVHG460000*13*2~NM1*QC*1*MORGAN*SIMONE~NM1*IL*1*SCHNEIDER*CLAUS****MI*W20556911902~NM1*74*1******C*W205569119~REF*1L*0811338-013-00102-WA~REF*CE*AETNA CHOICE  POS II NET 00395~DTM*232*20260602~DTM*233*20260604~DTM*050*20260611~PER*CX**TE*8886323862~AMT*AU*1500~SVC*HC:S9480*750*207.26*0905*1~DTM*472*20260602~CAS*CO*45*445.53~CAS*PR*1*45.4**2*51.81~REF*6R*CX156587X67723.003~AMT*B6*304.47~SVC*HC:S9480*750*243.58*0905*1~DTM*472*20260604~CAS*CO*45*445.53~CAS*PR*2*60.89~REF*6R*CX156587X67725.003~AMT*B6*304.47~SE*65*000000001~ST*835*000000002~BPR*I*822.06*C*ACH*CCP*01*031100209*DA*0000009134*1066033492**01*121000248*DA*4122170038*20260617~TRN*1*826163000047681*1066033492~REF*EV*133052274~DTM*405*20260612~N1*PR*AETNA~N3*151 FARMINGTON AVENUE~N4*HARTFORD*CT*06156~REF*2U*60054~PER*BL*PROVIDER SERVICE~N1*PE*THE RENFREW CENTER OF TENNESSEE*XX*1083812762~N3*PO BOX 713700~N4*PHILADELPHIA*PA*191713700~REF*PQ*174749620~REF*TJ*205497459~LX*1~TS3*1083812762*22*20261231*1*2250~CLP*CX156617X1*1*2250*822.06*91.35*13*E7JNVG9QD0000*13*3~NM1*QC*1*ARSENAULT-YOST*HANNAH~NM1*IL*1*ARSENAULT*GRANT****MI*W293553331~REF*1L*0285630-014-00002-AE~REF*CE*AETNA HEALTHFUND  AETNA CHOICE  POS II NET 00395~DTM*232*20260601~DTM*233*20260604~DTM*050*20260611~PER*CX**TE*2028335751~AMT*AU*2250~SVC*HC:S9480:95*750*274.02*0905*1~DTM*472*20260601~CAS*CO*45*445.53~CAS*PR*2*30.45~REF*6R*CX156617X67722.002~AMT*B6*304.47~SVC*HC:S9480:95*750*274.02*0905*1~DTM*472*20260603~CAS*CO*45*445.53~CAS*PR*2*30.45~REF*6R*CX156617X67724.001~AMT*B6*304.47~SVC*HC:S9480:95*750*274.02*0905*1~DTM*472*20260604~CAS*CO*45*445.53~CAS*PR*2*30.45~REF*6R*CX156617X67725.002~AMT*B6*304.47~SE*46*000000002~GE*2*332806299~IEA*1*332806299~