ISA*00*          *00*          *ZZ*CHC            *ZZ*00962249       *260614*0809*^*00501*454003875*0*P*:~GS*HP*CHC*00962249*20260614*08090300*454003875*X*005010X221A1~ST*835*000000001~BPR*I*2844*C*CHK************20260613~TRN*1*184938666*1411648670~REF*EV*133052274~REF*F2*PM~DTM*405*20260614~N1*PR*EVERNORTH BEHAVIORAL HEALTH, INC.~N3*P.O. BOX 182223~N4*CHATTANOOGA*TN*374227223~REF*2U*62308~PER*BL*EDI HELP DESK*TE*8008103388~N1*PE*RENFREW CTR OF NRTH CRLN*XX*1841497518~N3*PO BOX 713700~N4*PHILADELPHIA*PA*191713700~REF*TJ*205508748~LX*1~TS3*1841497518*13*20261231*1*6000~CLP*CX156594X1*2*6000*2844**13*7682616212058*13*2~NM1*QC*1*BEAVER*MARY****MI*U4620017603~NM1*IL*1*BEAVER*LINDA****MI*U4620017601~REF*1L*3329668~REF*CE*OPEN ACCESS PLUS~REF*EA*IDX136289X3~REF*G1*NO AUTHORIZATION REQUIRED~DTM*050*20260611~DTM*232*20260602~DTM*233*20260605~PER*CX*MEMBER SERVICES*TE*8002446224~AMT*AU*2844~SVC*HC:H0035*1500*711*0912*1~DTM*150*20260602~DTM*151*20260602~CAS*OA*187*-711**23*1500~REF*6R*CX156594X67723.002~AMT*B6*711~SVC*HC:H0035*1500*711*0912*1~DTM*150*20260603~DTM*151*20260603~CAS*OA*187*-711**23*1500~REF*6R*CX156594X67724.003~AMT*B6*711~SVC*HC:H0035*1500*711*0912*1~DTM*150*20260604~DTM*151*20260604~CAS*OA*187*-711**23*1500~REF*6R*CX156594X67725.003~AMT*B6*711~SVC*HC:H0035*1500*711*0912*1~DTM*150*20260605~DTM*151*20260605~CAS*OA*187*-711**23*1500~REF*6R*CX156594X67726.004~AMT*B6*711~SE*54*000000001~ST*835*000000002~BPR*H*0*C*NON************20260614~TRN*1*7682616212058 20260613 0002340*1411648670~REF*EV*133052274~REF*F2*PM~DTM*405*20260614~N1*PR*EVERNORTH BEHAVIORAL HEALTH, INC.~N3*P.O. BOX 182223~N4*CHATTANOOGA*TN*374227223~REF*2U*62308~PER*BL*EDI HELP DESK*TE*8008103388~N1*PE*RENFREW CTR OF NRTH CRLN*XX*1841497518~N3*PO BOX 713700~N4*PHILADELPHIA*PA*191713700~REF*TJ*205508748~LX*1~TS3*1841497518*13*20261231*1*6000~CLP*CX156594X1*19*6000*0*2844*13*7682616212058*13*2~NM1*QC*1*BEAVER*MARY****MI*U4620017603~NM1*IL*1*BEAVER*LINDA****MI*U4620017601~NM1*TT*2*CIGNA CHOICE FUND*****PI*CIGNA CHOICE FUND~REF*1L*3329668~REF*CE*OPEN ACCESS PLUS~REF*EA*IDX136289X3~REF*G1*NO AUTHORIZATION REQUIRED~DTM*050*20260611~DTM*232*20260602~DTM*233*20260605~PER*CX*MEMBER SERVICES*TE*8002446224~AMT*AU*2844~SVC*HC:H0035*1500*0*0912***1~DTM*150*20260602~DTM*151*20260602~CAS*CO*45*789~CAS*PR*1*711~REF*6R*CX156594X67723.002~AMT*B6*711~SVC*HC:H0035*1500*0*0912***1~DTM*150*20260603~DTM*151*20260603~CAS*CO*45*789~CAS*PR*1*711~REF*6R*CX156594X67724.003~AMT*B6*711~SVC*HC:H0035*1500*0*0912***1~DTM*150*20260604~DTM*151*20260604~CAS*CO*45*789~CAS*PR*1*711~REF*6R*CX156594X67725.003~AMT*B6*711~SVC*HC:H0035*1500*0*0912***1~DTM*150*20260605~DTM*151*20260605~CAS*CO*45*789~CAS*PR*1*711~REF*6R*CX156594X67726.004~AMT*B6*711~SE*59*000000002~GE*2*454003875~IEA*1*454003875~