ISA*00*          *00*          *ZZ*CHC            *ZZ*00962249       *260708*0620*^*00501*533008344*0*P*:~GS*HP*CHC*00962249*20260708*06200000*533008344*X*005010X221A1~ST*835*000000001~BPR*I*17897.86*C*ACH*CCP*01*011900445*DA*0000009046*1066033492**01*121000248*DA*4122170038*20260713~TRN*1*826189000271642*1066033492~REF*EV*133052274~DTM*405*20260708~N1*PR*AETNA~N3*151 FARMINGTON AVENUE~N4*HARTFORD*CT*06156~REF*2U*60054~PER*BL*PROVIDER SERVICE~N1*PE*THE RENFREW CENTER OF FLORIDA, LLC*XX*1912008137~N3*PO BOX 713700~N4*PHILADELPHIA*PA*191713700~REF*PQ*417044550~REF*TJ*200995125~LX*1~TS3*1912008137*22*20261231*6*21750~CLP*CX157219X4*1*7500*3115**13*EHPDXLFBK0000*13*3~NM1*QC*1*FERRARO*KIRBY~NM1*IL*1*FERRARO*LAURA****MI*W291575426~NM1*82*2*THE RENFREW CENTER OF ORLANDO, LLC*****XX*1912008137~REF*G1*074935228~REF*1L*0868849-010-00001- E~REF*CE*AETNA CHOICE  POS II NET 00449~DTM*232*20260622~DTM*233*20260626~DTM*050*20260630~PER*CX**TE*8886323862~AMT*AU*7500~SVC*HC:H0035*1500*623*0912*1~DTM*472*20260622~CAS*CO*45*877~REF*6R*CX157219X67743.005~AMT*B6*623~SVC*HC:H0035*1500*623*0912*1~DTM*472*20260623~CAS*CO*45*877~REF*6R*CX157219X67744.002~AMT*B6*623~SVC*HC:H0035*1500*623*0912*1~DTM*472*20260624~CAS*CO*45*877~REF*6R*CX157219X67745.002~AMT*B6*623~SVC*HC:H0035*1500*623*0912*1~DTM*472*20260625~CAS*CO*45*877~REF*6R*CX157219X67746.001~AMT*B6*623~SVC*HC:H0035*1500*623*0912*1~DTM*472*20260626~CAS*CO*45*877~REF*6R*CX157219X67747.004~AMT*B6*623~CLP*CX157220X1*1*2250*1020**13*EHY2XPSY00000*13*3~NM1*QC*1*BENNETT*MOLLY~NM1*IL*1*SHOOK*MELISSA****MI*W292364487~NM1*82*2*THE RENFREW CENTER OF ORLANDO, LLC*****XX*1912008137~REF*1L*0247107-011-00001-AA~REF*CE*AETNA CHOICE  POS II NET 00449~DTM*232*20260622~DTM*233*20260626~DTM*050*20260630~PER*CX**TE*8886323862~AMT*AU*2250~SVC*HC:S9480*750*340*0905*1~DTM*472*20260622~CAS*CO*45*410~REF*6R*CX157220X67743.003~AMT*B6*340~SVC*HC:S9480*750*340*0905*1~DTM*472*20260623~CAS*CO*45*410~REF*6R*CX157220X67744.003~AMT*B6*340~SVC*HC:S9480*750*340*0905*1~DTM*472*20260626~CAS*CO*45*410~REF*6R*CX157220X67747.002~AMT*B6*340~CLP*CX157483X3*1*6000*2492**13*EYPDVSJ6K0000*13*3~NM1*QC*1*FERRARO*KIRBY~NM1*IL*1*FERRARO*LAURA****MI*W291575426~NM1*82*2*THE RENFREW CENTER OF ORLANDO, LLC*****XX*1912008137~REF*G1*074935228~REF*1L*0868849-010-00001- E~REF*CE*AETNA CHOICE  POS II NET 00449~DTM*232*20260629~DTM*233*20260702~DTM*050*20260706~PER*CX**TE*8886323862~AMT*AU*6000~SVC*HC:H0035*1500*623*0912*1~DTM*472*20260629~CAS*CO*45*877~REF*6R*CX157483X67750.003~AMT*B6*623~SVC*HC:H0035*1500*623*0912*1~DTM*472*20260630~CAS*CO*45*877~REF*6R*CX157483X67751.001~AMT*B6*623~SVC*HC:H0035*1500*623*0912*1~DTM*472*20260701~CAS*CO*45*877~REF*6R*CX157483X67752.002~AMT*B6*623~SVC*HC:H0035*1500*623*0912*1~DTM*472*20260702~CAS*CO*45*877~REF*6R*CX157483X67753.004~AMT*B6*623~CLP*CX157484X1*1*2250*1020**13*EZADVSJ5W0000*13*3~NM1*QC*1*BENNETT*MOLLY~NM1*IL*1*SHOOK*MELISSA****MI*W292364487~NM1*82*2*THE RENFREW CENTER OF ORLANDO, LLC*****XX*1912008137~REF*1L*0247107-011-00001-AA~REF*CE*AETNA CHOICE  POS II NET 00449~DTM*232*20260629~DTM*233*20260701~DTM*050*20260706~PER*CX**TE*8886323862~AMT*AU*2250~SVC*HC:S9480*750*340*0905*1~DTM*472*20260629~CAS*CO*45*410~REF*6R*CX157484X67750.002~AMT*B6*340~SVC*HC:S9480*750*340*0905*1~DTM*472*20260630~CAS*CO*45*410~REF*6R*CX157484X67751.001~AMT*B6*340~SVC*HC:S9480*750*340*0905*1~DTM*472*20260701~CAS*CO*45*410~REF*6R*CX157484X67752.001~AMT*B6*340~CLP*CX157485X2*1*2250*922.31*97.69*13*EZJNVSJ5F0000*13*2~NM1*QC*1*MORGAN*ERIN~NM1*IL*1*MORGAN*JEFFREY****MI*W23277229~NM1*74*1******C*W232772299~NM1*82*2*THE RENFREW CENTER OF ORLANDO, LLC*****XX*1912008137~REF*1L*0818717-037-00006-VB~REF*CE*AETNA CHOICE  POS II NET 00449~DTM*232*20260629~DTM*233*20260701~DTM*050*20260706~PER*CX**TE*8886323862~AMT*AU*2250~SVC*HC:S9480*750*289*0905*1~DTM*472*20260629~CAS*CO*45*410~CAS*PR*2*51~REF*6R*CX157485X67750.003~AMT*B6*340~SVC*HC:S9480*750*293.31*0905*1~DTM*472*20260630~CAS*CO*45*410~CAS*PR*2*46.69~REF*6R*CX157485X67751.002~AMT*B6*340~SVC*HC:S9480*750*340*0905*1~DTM*472*20260701~CAS*CO*45*410~REF*6R*CX157485X67752.003~AMT*B6*340~CLP*CX157217X2*1*1500*529.55*93.45*13*E5TYVPV5S0000*13*4~NM1*QC*1*MORGAN*ERIN~NM1*IL*1*MORGAN*JEFFREY****MI*W23277229~NM1*74*1******C*W232772299~NM1*82*2*THE RENFREW CENTER OF ORLANDO, LLC*****XX*1912008137~REF*G1*074688752~REF*1L*0818717-037-00006-VB~REF*CE*AETNA CHOICE  POS II NET 00449~DTM*232*20260622~DTM*233*20260622~DTM*050*20260630~PER*CX**TE*8886323862~AMT*AU*1500~SVC*HC:H0035*1500*529.55*0912*1~DTM*472*20260622~CAS*CO*45*877~CAS*PR*2*93.45~REF*6R*CX157217X67743.005~AMT*B6*623~LX*2~TS3*1912008137*55*20261231*1*21000~CLP*CX157204X1*1*21000*8799**12*EJADXQ8XM0000*11*3~NM1*QC*1*BELISLE*AUDREY~NM1*IL*1*BELISLE*JOSEPH****MI*W266369357~REF*G1*074911016~REF*1L*0247061-011-00103- B~REF*CE*OPEN ACCESS AETNA SELECT  8480 NET 02285~DTM*232*20260622~DTM*233*20260628~DTM*050*20260630~PER*CX**TE*8886323862~AMT*AU*21000~SVC*NU:0124*3000*1257**1*NU:1001~DTM*472*20260622~CAS*CO*45*1743~REF*6R*CX157204X67743.001~AMT*B6*1257~SVC*NU:0124*3000*1257**1*NU:1001~DTM*472*20260623~CAS*CO*45*1743~REF*6R*CX157204X67744.003~AMT*B6*1257~SVC*NU:0124*3000*1257**1*NU:1001~DTM*472*20260624~CAS*CO*45*1743~REF*6R*CX157204X67745.002~AMT*B6*1257~SVC*NU:0124*3000*1257**1*NU:1001~DTM*472*20260625~CAS*CO*45*1743~REF*6R*CX157204X67746.002~AMT*B6*1257~SVC*NU:0124*3000*1257**1*NU:1001~DTM*472*20260626~CAS*CO*45*1743~REF*6R*CX157204X67747.001~AMT*B6*1257~SVC*NU:0124*3000*1257**1*NU:1001~DTM*472*20260627~CAS*CO*45*1743~REF*6R*CX157204X67748.001~AMT*B6*1257~SVC*NU:0124*3000*1257**1*NU:1001~DTM*472*20260628~CAS*CO*45*1743~REF*6R*CX157204X67749.001~AMT*B6*1257~SE*235*000000001~GE*1*533008344~IEA*1*533008344~