ISA*00*          *00*          *ZZ*CHC            *ZZ*00962249       *260708*2043*^*00501*615210231*0*P*:~GS*HP*CHC*00962249*20260708*20432000*615210231*X*005010X221A1~ST*835*000000001~BPR*I*6182.4*C*ACH*CCP*01*043000096*DA*1029051682*1411289245*000087726*01*121000248*DA*4122170038*20260708~TRN*1*XD00281879*1411289245*000087726~REF*EV*B00099999800~REF*F2*1083~DTM*405*20260708~N1*PR*UNITED HEALTHCARE INSURANCE COMPANY~N3*GREENBORO SERVICE CENTER*PO BOX 740800~N4*ATLANTA*GA*303740800~REF*2U*87726~PER*CX*GREENBORO SERVICE CENTER*TE*8778423210~PER*BL*UNKNOWN*UR*UHCPROVIDER.COM/EN/CONTACT-US.HTML~N1*PE*RENFREW CENTERS INC*XX*1912008137~N3*PO BOX 713700~N4*PHILADELPHIA*PA*19171~REF*TJ*200995125~LX*1~TS3*1912008137*11*20261231*1*21000~CLP*CX156941X1*1*21000*6182.4*1545.6*13*FV40196360 0113149072*11*2**883~NM1*QC*1*MOSKOWITZ*FRIEDA~NM1*IL*1*MOSKOWITZ*DANIEL****MI*941897799~REF*BB*IY3QCC01~REF*CE*CHOYC+~REF*EA*IDX135037X4~REF*1L*943692~REF*G1*IY3QCC-01~DTM*232*20260615~DTM*233*20260621~DTM*050*20260624~AMT*AU*21000~SVC*NU:1001*3000*883.2**1~DTM*150*20260615~DTM*151*20260621~CAS*PR*2*220.8~CAS*CO*45*1896~REF*6R*CX156941X67736.006~AMT*B6*1104~SVC*NU:1001*3000*883.2**1~DTM*150*20260615~DTM*151*20260621~CAS*PR*2*220.8~CAS*CO*45*1896~REF*6R*CX156941X67737.004~AMT*B6*1104~SVC*NU:1001*3000*883.2**1~DTM*150*20260615~DTM*151*20260621~CAS*PR*2*220.8~CAS*CO*45*1896~REF*6R*CX156941X67738.001~AMT*B6*1104~SVC*NU:1001*3000*883.2**1~DTM*150*20260615~DTM*151*20260621~CAS*CO*45*1896~CAS*PR*2*220.8~REF*6R*CX156941X67739.002~AMT*B6*1104~SVC*NU:1001*3000*883.2**1~DTM*150*20260615~DTM*151*20260621~CAS*CO*45*1896~CAS*PR*2*220.8~REF*6R*CX156941X67740.001~AMT*B6*1104~SVC*NU:1001*3000*883.2**1~DTM*150*20260615~DTM*151*20260621~CAS*PR*2*220.8~CAS*CO*45*1896~REF*6R*CX156941X67741.002~AMT*B6*1104~SVC*NU:1001*3000*883.2**1~DTM*150*20260615~DTM*151*20260621~CAS*CO*45*1896~CAS*PR*2*220.8~REF*6R*CX156941X67742.002~AMT*B6*1104~SE*80*000000001~GE*1*615210231~IEA*1*615210231~