ISA*00*          *00*          *ZZ*CHC            *ZZ*00962249       *260711*0814*^*00501*799407892*0*P*:~GS*HP*CHC*00962249*20260711*08141600*799407892*X*005010X221A1~ST*835*000000001~BPR*I*6932*C*ACH*CCP*01*031000503*DA*2100011521023*1411648670**01*121000248*DA*4122170038*20200715~TRN*1*260710040002424*1411648670~REF*EV*133052274~DTM*405*20260711~N1*PR*EVERNORTH BEHAVIORAL HEALTH~N3*PO BOX 46270~N4*EDEN PRAIRIE*MN*55344~REF*2U*62308~PER*CX*CUSTOMER SERVICE*TE*8009262273~PER*BL*EDI HELP DESK*TE*8008103388~PER*IC**UR*WWW.CIGNAFORHCP.COM~N1*PE*RENFREW CENTER OF FLORIDA, LLC*XX*1912008137~N3*PO BOX 713700~N4*PHILADELPHIA*PA*19171~REF*TJ*200995125~LX*1~TS3*1912008137*11*20261231*1*18000~CLP*CX156687X1*1*18000*6932*250*13*26168Z1217*11*2~CAS*CO*45*10818~CAS*PR*3*250~NM1*QC*1*MARSHALL*ALAYNA****MI*U4130007703~NM1*IL*1*MARSHALL*STEVEN****MI*U4130007701~REF*1L*A421332~REF*CE*NETWORK POS DPP1 W/TELEPHONIC~REF*EA*IDX135628X6~REF*G1*262168362~REF*BB*262168362 I~DTM*050*20260617~DTM*232*20260609~DTM*233*20260614~PER*CX*CUSTOMER SERVICE*TE*8009262273~AMT*AU*7182~QTY*CA*6~SVC*NU:1001*3000*3000**1~REF*6R*CX156687X67730.003~REF*0K*A421332~AMT*B6*7182~SVC*NU:1001*3000*3000**1~REF*6R*CX156687X67731.001~REF*0K*A421332~AMT*B6*7182~SVC*NU:1001*3000*3000**1~REF*6R*CX156687X67732.001~REF*0K*A421332~AMT*B6*7182~SVC*NU:1001*3000*3000**1~REF*6R*CX156687X67733.001~REF*0K*A421332~AMT*B6*7182~SVC*NU:1001*3000*3000**1~REF*6R*CX156687X67734.002~REF*0K*A421332~AMT*B6*7182~SVC*NU:1001*3000*3000**1~REF*6R*CX156687X67735.003~REF*0K*A421332~AMT*B6*7182~SE*59*000000001~GE*1*799407892~IEA*1*799407892~