ISA*00*          *00*          *ZZ*CHC            *ZZ*00962249       *260624*0618*^*00501*331805629*0*P*:~GS*HP*CHC*00962249*20260624*06181400*331805629*X*005010X221A1~ST*835*000000001~BPR*I*25403.15*C*ACH*CCP*01*011900445*DA*0000009046*1066033492**01*121000248*DA*4122170038*20260629~TRN*1*826175000375947*1066033492~REF*EV*133052274~DTM*405*20260624~N1*PR*AETNA~N3*151 FARMINGTON AVENUE~N4*HARTFORD*CT*06156~REF*2U*60054~PER*BL*PROVIDER SERVICE~N1*PE*THE RENFREW CENTER OF FLORIDA, LLC*XX*1912008137~N3*PO BOX 713700~N4*PHILADELPHIA*PA*191713700~REF*PQ*417044550~REF*TJ*200995125~LX*1~TS3*1912008137*22*20261231*5*29250~CLP*CX156694X1*1*7500*2803.5*311.5*12*E4FDVGNV20000*13*3~NM1*QC*1*KRUEGER*EMMA~NM1*IL*1*KRUEGER*LOLANDA****MI*W197787373~NM1*82*2*THE RENFREW CENTER OF ORLANDO, LLC*****XX*1912008137~REF*1L*0237541-012-00056-DC~REF*CE*OPEN ACCESS AETNA SELECT  8480 NET 13713~DTM*232*20260608~DTM*233*20260612~DTM*050*20260617~PER*CX**TE*8886323862~AMT*AU*7500~SVC*HC:H0035*1500*560.7*0912*1~DTM*472*20260608~CAS*CO*45*877~CAS*PR*2*62.3~REF*6R*CX156694X67729.003~AMT*B6*623~SVC*HC:H0035*1500*560.7*0912*1~DTM*472*20260609~CAS*CO*45*877~CAS*PR*2*62.3~REF*6R*CX156694X67730.002~AMT*B6*623~SVC*HC:H0035*1500*560.7*0912*1~DTM*472*20260610~CAS*CO*45*877~CAS*PR*2*62.3~REF*6R*CX156694X67731.004~AMT*B6*623~SVC*HC:H0035*1500*560.7*0912*1~DTM*472*20260611~CAS*CO*45*877~CAS*PR*2*62.3~REF*6R*CX156694X67732.003~AMT*B6*623~SVC*HC:H0035*1500*560.7*0912*1~DTM*472*20260612~CAS*CO*45*877~CAS*PR*2*62.3~REF*6R*CX156694X67733.004~AMT*B6*623~CLP*CX156698X1*1*2250*1020**13*E4PDVLMYM0000*13*3~NM1*QC*1*BENNETT*MOLLY~NM1*IL*1*SHOOK*MELISSA****MI*W292364487~NM1*82*2*THE RENFREW CENTER OF ORLANDO, LLC*****XX*1912008137~REF*1L*0247107-011-00001-AA~REF*CE*AETNA CHOICE  POS II NET 00449~DTM*232*20260610~DTM*233*20260612~DTM*050*20260617~PER*CX**TE*8886323862~AMT*AU*2250~SVC*HC:S9480*750*340*0905*1~DTM*472*20260610~CAS*CO*45*410~REF*6R*CX156698X67731.003~AMT*B6*340~SVC*HC:S9480*750*340*0905*1~DTM*472*20260611~CAS*CO*45*410~REF*6R*CX156698X67732.002~AMT*B6*340~SVC*HC:S9480*750*340*0905*1~DTM*472*20260612~CAS*CO*45*410~REF*6R*CX156698X67733.002~AMT*B6*340~CLP*CX156697X4*1*7500*2492*623*13*E4Y2VGNWJ0000*13*3~NM1*QC*1*FERRARO*KIRBY~NM1*IL*1*FERRARO*LAURA****MI*W291575426~NM1*82*2*THE RENFREW CENTER OF ORLANDO, LLC*****XX*1912008137~REF*G1*074935228~REF*1L*0868849-010-00001- E~REF*CE*AETNA CHOICE  POS II NET 00449~DTM*232*20260608~DTM*233*20260612~DTM*050*20260617~PER*CX**TE*8886323862~AMT*AU*7500~SVC*HC:H0035*1500*498.4*0912*1~DTM*472*20260608~CAS*CO*45*877~CAS*PR*2*124.6~REF*6R*CX156697X67729.003~AMT*B6*623~SVC*HC:H0035*1500*498.4*0912*1~DTM*472*20260609~CAS*CO*45*877~CAS*PR*2*124.6~REF*6R*CX156697X67730.002~AMT*B6*623~SVC*HC:H0035*1500*498.4*0912*1~DTM*472*20260610~CAS*CO*45*877~CAS*PR*2*124.6~REF*6R*CX156697X67731.004~AMT*B6*623~SVC*HC:H0035*1500*498.4*0912*1~DTM*472*20260611~CAS*CO*45*877~CAS*PR*2*124.6~REF*6R*CX156697X67732.003~AMT*B6*623~SVC*HC:H0035*1500*498.4*0912*1~DTM*472*20260612~CAS*CO*45*877~CAS*PR*2*124.6~REF*6R*CX156697X67733.004~AMT*B6*623~CLP*CX156696X3*1*7500*3115**12*E5ADVGR3T0000*13*3~NM1*QC*1*LADD*ANGELINA~NM1*IL*1*LADD*LEA****MI*W223488799~NM1*82*2*THE RENFREW CENTER OF ORLANDO, LLC*****XX*1912008137~REF*1L*0326404-040-00100-AD~REF*CE*OPEN ACCESS AETNA SELECT  8480 NET 08091~DTM*232*20260608~DTM*233*20260612~DTM*050*20260617~PER*CX**TE*8886323862~AMT*AU*7500~SVC*HC:H0035*1500*623*0912*1~DTM*472*20260608~CAS*CO*45*877~REF*6R*CX156696X67729.003~AMT*B6*623~SVC*HC:H0035*1500*623*0912*1~DTM*472*20260609~CAS*CO*45*877~REF*6R*CX156696X67730.002~AMT*B6*623~SVC*HC:H0035*1500*623*0912*1~DTM*472*20260610~CAS*CO*45*877~REF*6R*CX156696X67731.005~AMT*B6*623~SVC*HC:H0035*1500*623*0912*1~DTM*472*20260611~CAS*CO*45*877~REF*6R*CX156696X67732.003~AMT*B6*623~SVC*HC:H0035*1500*623*0912*1~DTM*472*20260612~CAS*CO*45*877~REF*6R*CX156696X67733.003~AMT*B6*623~CLP*CX156695X2*1*4500*1588.65*280.35*13*E537VLKVT0000*13*3~NM1*QC*1*MORGAN*ERIN~NM1*IL*1*MORGAN*JEFFREY****MI*W23277229~NM1*74*1******C*W232772299~NM1*82*2*THE RENFREW CENTER OF ORLANDO, LLC*****XX*1912008137~REF*G1*074688752~REF*1L*0818717-037-00006-VB~REF*CE*AETNA CHOICE  POS II NET 00449~DTM*232*20260608~DTM*233*20260610~DTM*050*20260617~PER*CX**TE*8886323862~AMT*AU*4500~SVC*HC:H0035*1500*529.55*0912*1~DTM*472*20260608~CAS*CO*45*877~CAS*PR*2*93.45~REF*6R*CX156695X67729.004~AMT*B6*623~SVC*HC:H0035*1500*529.55*0912*1~DTM*472*20260609~CAS*CO*45*877~CAS*PR*2*93.45~REF*6R*CX156695X67730.002~AMT*B6*623~SVC*HC:H0035*1500*529.55*0912*1~DTM*472*20260610~CAS*CO*45*877~CAS*PR*2*93.45~REF*6R*CX156695X67731.004~AMT*B6*623~LX*2~TS3*1912008137*55*20261231*3*57000~CLP*CX156447X2*1*15000*5785*500*12*EGJNXBHXP0000*11*2~NM1*QC*1*BELISLE*AUDREY~NM1*IL*1*BELISLE*JOSEPH****MI*W266369357~REF*G1*074911016~REF*1L*0247061-011-00103- B~REF*CE*OPEN ACCESS AETNA SELECT  8480 NET 02285~DTM*232*20260603~DTM*233*20260607~DTM*050*20260609~PER*CX**TE*8886323862~AMT*AU*15000~SVC*NU:0124*3000*757**1*NU:1001~DTM*472*20260603~CAS*CO*45*1743~CAS*PR*3*500~REF*6R*CX156447X67724.007~AMT*B6*1257~SVC*NU:0124*3000*1257**1*NU:1001~DTM*472*20260604~CAS*CO*45*1743~REF*6R*CX156447X67725.002~AMT*B6*1257~SVC*NU:0124*3000*1257**1*NU:1001~DTM*472*20260605~CAS*CO*45*1743~REF*6R*CX156447X67726.002~AMT*B6*1257~SVC*NU:0124*3000*1257**1*NU:1001~DTM*472*20260606~CAS*CO*45*1743~REF*6R*CX156447X67727.001~AMT*B6*1257~SVC*NU:0124*3000*1257**1*NU:1001~DTM*472*20260607~CAS*CO*45*1743~REF*6R*CX156447X67728.001~AMT*B6*1257~CLP*CX156686X2*1*21000*8599*200*12*E5TYVGNMG0000*11*3~NM1*QC*1*BELISLE*AUDREY~NM1*IL*1*BELISLE*JOSEPH****MI*W266369357~REF*G1*074911016~REF*1L*0247061-011-00103- B~REF*CE*OPEN ACCESS AETNA SELECT  8480 NET 02285~DTM*232*20260608~DTM*233*20260614~DTM*050*20260617~PER*CX**TE*8886323862~AMT*AU*21000~SVC*NU:0124*3000*1057**1*NU:1001~DTM*472*20260608~CAS*CO*45*1743~CAS*PR*3*200~REF*6R*CX156686X67729.003~AMT*B6*1257~SVC*NU:0124*3000*1257**1*NU:1001~DTM*472*20260609~CAS*CO*45*1743~REF*6R*CX156686X67730.001~AMT*B6*1257~SVC*NU:0124*3000*1257**1*NU:1001~DTM*472*20260610~CAS*CO*45*1743~REF*6R*CX156686X67731.001~AMT*B6*1257~SVC*NU:0124*3000*1257**1*NU:1001~DTM*472*20260611~CAS*CO*45*1743~REF*6R*CX156686X67732.001~AMT*B6*1257~SVC*NU:0124*3000*1257**1*NU:1001~DTM*472*20260612~CAS*CO*45*1743~REF*6R*CX156686X67733.001~AMT*B6*1257~SVC*NU:0124*3000*1257**1*NU:1001~DTM*472*20260613~CAS*CO*45*1743~REF*6R*CX156686X67734.003~AMT*B6*1257~SVC*NU:0124*3000*1257**1*NU:1001~DTM*472*20260614~CAS*CO*45*1743~REF*6R*CX156686X67735.004~AMT*B6*1257~CLP*CX156685X1*1*21000*0**13*E6FDVJS2G0000*11*3~NM1*QC*1*SMITH*ITALIA~NM1*IL*1*WOOLEN*BEATRICE****MI*W280587452~REF*G1*074550292~REF*1L*0865341-016-00611- A~REF*CE*AETNA CHOICE  POS II NET 00397~DTM*232*20260608~DTM*233*20260614~DTM*050*20260617~PER*CX**TE*8886323862~SVC*NU:0124*3000*0**0*NU:1001*1~DTM*472*20260608~CAS*CO*97*3000*1~REF*6R*CX156685X67729.004~LQ*HE*N19~SVC*NU:0124*3000*0**0*NU:1001*1~DTM*472*20260609~CAS*CO*97*3000*1~REF*6R*CX156685X67730.001~LQ*HE*N19~SVC*NU:0124*3000*0**0*NU:1001*1~DTM*472*20260610~CAS*CO*97*3000*1~REF*6R*CX156685X67731.001~LQ*HE*N19~SVC*NU:0124*3000*0**0*NU:1001*1~DTM*472*20260611~CAS*CO*97*3000*1~REF*6R*CX156685X67732.002~LQ*HE*N19~SVC*NU:0124*3000*0**0*NU:1001*1~DTM*472*20260612~CAS*CO*97*3000*1~REF*6R*CX156685X67733.001~LQ*HE*N19~SVC*NU:0124*3000*0**0*NU:1001*1~DTM*472*20260613~CAS*CO*97*3000*1~REF*6R*CX156685X67734.002~LQ*HE*N19~SVC*NU:0124*3000*0**0*NU:1001*1~DTM*472*20260614~CAS*CO*97*3000*1~REF*6R*CX156685X67735.003~LQ*HE*N19~SE*325*000000001~GE*1*331805629~IEA*1*331805629~