ISA*00*          *00*          *ZZ*CHC            *ZZ*00962249       *260707*0616*^*00501*434005177*0*P*:~GS*HP*CHC*00962249*20260707*06160100*434005177*X*005010X221A1~ST*835*000000001~BPR*I*7905*C*ACH*CCP*01*011900445*DA*0000009046*1066033492**01*121000248*DA*4122170038*20260710~TRN*1*826188000323490*1066033492~REF*EV*133052274~DTM*405*20260707~N1*PR*AETNA~N3*151 FARMINGTON AVENUE~N4*HARTFORD*CT*06156~REF*2U*60054~PER*BL*PROVIDER SERVICE~N1*PE*RENFREW CENTER OF NJ, LLC*XX*1164514691~N3*PO BOX 713700~N4*PHILADELPHIA*PA*191713700~REF*PQ*926670170~REF*TJ*223704728~LX*1~TS3*1164514691*22*20261231*1*2250~CLP*CX157263X1*1*2250*1017**13*E137VPWBX0000*13*4~NM1*QC*1*ORLANDINO*AMANDA****MI*W295834672~NM1*82*2*THE RENFREW CENTER OF NEW JERSEY*****XX*1164514691~REF*1L*0169659-040-00413-CZ~REF*CE*AETNA CHOICE  POS II NET 01449~DTM*232*20260622~DTM*233*20260625~DTM*050*20260630~PER*CX**TE*8886323862~AMT*AU*2250~SVC*HC:S9480*750*339*0905*1~DTM*472*20260622~CAS*CO*45*411~REF*6R*CX157263X67743.001~AMT*B6*339~SVC*HC:S9480*750*339*0905*1~DTM*472*20260623~CAS*CO*45*411~REF*6R*CX157263X67744.001~AMT*B6*339~SVC*HC:S9480*750*339*0905*1~DTM*472*20260625~CAS*CO*45*411~REF*6R*CX157263X67746.002~AMT*B6*339~LX*2~TS3*1164514691*22*20261231*3*16500~CLP*CX157255X1*1*1500*678**13*EZTYVPWB80000*13*4~NM1*QC*1*READ*JORDAN****MI*W220910403~NM1*82*2*THE RENFREW CENTER OF NEW JERSEY*****XX*1164514691~REF*1L*0868560-051-00011-PH~REF*CE*AETNA CHOICE  POS II NET 01450~DTM*232*20260624~DTM*233*20260625~DTM*050*20260630~PER*CX**TE*8886323862~AMT*AU*1500~SVC*HC:S9480*750*339*0905*1~DTM*472*20260624~CAS*CO*45*411~REF*6R*CX157255X67745.001~AMT*B6*339~SVC*HC:S9480*750*339*0905*1~DTM*472*20260625~CAS*CO*45*411~REF*6R*CX157255X67746.002~AMT*B6*339~CLP*CX157254X4*1*7500*3105**13*E0FDVPYCT0000*13*3~NM1*QC*1*DUPONT*LEEAHNA~NM1*IL*1*DUPONT*VERCY****MI*W287367001~NM1*74*1**LEEAHNA~NM1*82*2*THE RENFREW CENTER OF NEW JERSEY*****XX*1164514691~REF*G1*074779308~REF*1L*0181137-041-00006-AD~REF*CE*AETNA CHOICE  POS II NET 01450~DTM*232*20260622~DTM*233*20260626~DTM*050*20260630~PER*CX**TE*8886323862~AMT*AU*7500~SVC*HC:H0035*1500*621*0912*1~DTM*472*20260622~CAS*CO*45*879~REF*6R*CX157254X67743.005~AMT*B6*621~SVC*HC:H0035*1500*621*0912*1~DTM*472*20260623~CAS*CO*45*879~REF*6R*CX157254X67744.004~AMT*B6*621~SVC*HC:H0035*1500*621*0912*1~DTM*472*20260624~CAS*CO*45*879~REF*6R*CX157254X67745.003~AMT*B6*621~SVC*HC:H0035*1500*621*0912*1~DTM*472*20260625~CAS*CO*45*879~REF*6R*CX157254X67746.004~AMT*B6*621~SVC*HC:H0035*1500*621*0912*1~DTM*472*20260626~CAS*CO*45*879~REF*6R*CX157254X67747.002~AMT*B6*621~CLP*CX157251X1*1*7500*3105**13*E0Y2VPYBJ0000*13*3~NM1*QC*1*MCCOY*STACEY****MI*W121673728~NM1*82*2*THE RENFREW CENTER OF NEW JERSEY*****XX*1164514691~REF*G1*074760972~REF*1L*0237164-010-00001- A~REF*CE*AETNA CHOICE  POS II NET 01450~DTM*232*20260622~DTM*233*20260626~DTM*050*20260630~PER*CX**TE*8886323862~AMT*AU*7500~SVC*HC:H0035*1500*621*0912*1~DTM*472*20260622~CAS*CO*45*879~REF*6R*CX157251X67743.004~AMT*B6*621~SVC*HC:H0035*1500*621*0912*1~DTM*472*20260623~CAS*CO*45*879~REF*6R*CX157251X67744.005~AMT*B6*621~SVC*HC:H0035*1500*621*0912*1~DTM*472*20260624~CAS*CO*45*879~REF*6R*CX157251X67745.003~AMT*B6*621~SVC*HC:H0035*1500*621*0912*1~DTM*472*20260625~CAS*CO*45*879~REF*6R*CX157251X67746.004~AMT*B6*621~SVC*HC:H0035*1500*621*0912*1~DTM*472*20260626~CAS*CO*45*879~REF*6R*CX157251X67747.002~AMT*B6*621~SE*139*000000001~GE*1*434005177~IEA*1*434005177~