ISA*00*          *00*          *ZZ*CHC            *ZZ*00962249       *260708*0903*^*00501*539605248*0*P*:~GS*HP*CHC*00962249*20260708*09032200*539605248*X*005010X221A1~ST*835*000000001~BPR*I*789.6*C*CHK************20260702~TRN*1*964985337*1411648670~REF*EV*133052274~REF*F2*PM~DTM*405*20260708~N1*PR*EVERNORTH BEHAVIORAL HEALTH, INC.~N3*P. O. BOX 182223~N4*CHATTANOOGA*TN*374227223~REF*2U*62308~PER*BL*EDI HELP DESK*TE*8008103388~N1*PE*RENFREW CTR OF TN*XX*1083812762~N3*PO BOX 713700~N4*PHILADELPHIA*PA*191713700~REF*TJ*205497459~LX*1~TS3*1083812762*13*20261231*1*2250~CLP*CX157396X1*1*2250*789.6*197.4*13*9222618295044*13*3~NM1*QC*1*PULVERMACHER*ABIGAIL*K***MI*U5481644503~NM1*IL*1*PULVERMACHER*KEVIN****MI*U5481644501~REF*1L*3340191~REF*CE*OPEN ACCESS PLUS~REF*EA*IDX136260X3~REF*G1*NO AUTHORIZATION REQUIRED~DTM*050*20260701~DTM*232*20260622~DTM*233*20260625~PER*CX*MEMBER SERVICES*TE*8002446224~AMT*AU*987~SVC*HC:S9480:95*750*263.2*0905*1~DTM*150*20260622~DTM*151*20260622~CAS*CO*45*421~CAS*PR*2*65.8~REF*6R*CX157396X67743.004~AMT*B6*329~SVC*HC:S9480:95*750*263.2*0905*1~DTM*150*20260624~DTM*151*20260624~CAS*CO*45*421~CAS*PR*2*65.8~REF*6R*CX157396X67745.002~AMT*B6*329~SVC*HC:S9480:95*750*263.2*0905*1~DTM*150*20260625~DTM*151*20260625~CAS*CO*45*421~CAS*PR*2*65.8~REF*6R*CX157396X67746.001~AMT*B6*329~SE*51*000000001~GE*1*539605248~IEA*1*539605248~