ISA*00*          *00*          *ZZ*CHC            *ZZ*00962249       *260704*0615*^*00501*172405637*0*P*:~GS*HP*CHC*00962249*20260704*06155200*172405637*X*005010X221A1~ST*835*000000001~BPR*H*0*C*NON************20260704~TRN*1*926185000018022*1561545517~REF*EV*133052274~DTM*405*20260704~N1*PR*AETNA~N3*151 FARMINGTON AVENUE~N4*HARTFORD*CT*06156~REF*2U*60054~PER*BL*PROVIDER SERVICE~N1*PE*THE RENFREW CENTER OF NORTH CAROLINA, LLC*XX*1841497518~N3*PO BOX 713700~N4*PHILADELPHIA*PA*191713700~REF*PQ*353225980~REF*TJ*205508748~LX*1~TS3*1841497518*22*20261231*1*2250~CLP*CX157364X2*1*2250*0*987*13*EQTYXQGSG0000*13*3~NM1*QC*1*GIBBONS*ELLEANORE~NM1*IL*1*HANNA*LESLIE****MI*NAMKCQGAAHGK~NM1*74*1******C*NMNMRAEKNKAQ~NM1*82*2*THE RENFREW CENTER OF NORTH CAROLIN*****XX*1841497518~REF*1L*0192690-011-00906- D~REF*CE*AETNA CHOICE  POS II NET 00454~DTM*232*20260622~DTM*233*20260625~DTM*050*20260630~PER*CX**TE*8886323862~AMT*AU*2250~SVC*HC:S9480*750*0*0905*1~DTM*472*20260622~CAS*CO*45*421~CAS*PR*1*329~REF*6R*CX157364X67743.001~AMT*B6*329~SVC*HC:S9480*750*0*0905*1~DTM*472*20260623~CAS*CO*45*421~CAS*PR*1*329~REF*6R*CX157364X67744.001~AMT*B6*329~SVC*HC:S9480*750*0*0905*1~DTM*472*20260625~CAS*CO*45*421~CAS*PR*1*329~REF*6R*CX157364X67746.001~AMT*B6*329~PLB*1841497518*20261231*FB:926181000396053*3691.85*FB:926185000018022*-3691.85~SE*49*000000001~GE*1*172405637~IEA*1*172405637~