ISA*00*          *00*          *ZZ*CHC            *ZZ*00962249       *260610*0814*^*00501*243406264*0*P*:~GS*HP*CHC*00962249*20260610*08142100*243406264*X*005010X221A1~ST*835*000000001~BPR*I*2740*C*CHK************20260603~TRN*1*964952191*1411648670~REF*EV*133052274~REF*F2*PM~DTM*405*20260610~N1*PR*EVERNORTH BEHAVIORAL HEALTH, INC.~N3*P.O. BOX 182223~N4*CHATTANOOGA*TN*374227223~REF*2U*62308~PER*BL*EDI HELP DESK*TE*8008103388~N1*PE*RENFREW CTR OF GA LLC*XX*1225373145~N3*PO BOX 713700~N4*PHILADELPHIA*PA*191713700~REF*TJ*461429049~LX*1~TS3*1225373145*13*20261231*1*6000~CLP*CX156159X2*1*6000*2740**13*7682615495059*13*3~NM1*QC*1*GREENSTEIN*HAILEY*E***MI*U0135419603~NM1*IL*1*GREENSTEIN*JEREMY****MI*U0135419601~REF*1L*3213088~REF*CE*OPEN ACCESS PLUS~REF*EA*IDX136123X3~REF*G1*NO AUTHORIZATION REQUIRED~DTM*050*20260603~DTM*232*20260526~DTM*233*20260529~PER*CX*MEMBER SERVICES*TE*8002446224~AMT*AU*2740~SVC*HC:H0035*1500*685*0912*1~DTM*150*20260526~DTM*151*20260526~CAS*CO*45*815~REF*6R*CX156159X67716.004~AMT*B6*685~SVC*HC:H0035*1500*685*0912*1~DTM*150*20260527~DTM*151*20260527~CAS*CO*45*815~REF*6R*CX156159X67717.003~AMT*B6*685~SVC*HC:H0035*1500*685*0912*1~DTM*150*20260528~DTM*151*20260528~CAS*CO*45*815~REF*6R*CX156159X67718.004~AMT*B6*685~SVC*HC:H0035*1500*685*0912*1~DTM*150*20260529~DTM*151*20260529~CAS*CO*45*815~REF*6R*CX156159X67719.004~AMT*B6*685~SE*54*000000001~GE*1*243406264~IEA*1*243406264~