ISA*00*          *00*          *ZZ*CHC            *ZZ*00962249       *260603*0618*^*00501*521607649*0*P*:~GS*HP*CHC*00962249*20260603*06181200*521607649*X*005010X221A1~ST*835*000000001~BPR*I*7725.2*C*ACH*CCP*01*011900445*DA*0000009046*1066033492**01*121000248*DA*4122170038*20260608~TRN*1*826154000361264*1066033492~REF*EV*133052274~DTM*405*20260603~N1*PR*AETNA~N3*151 FARMINGTON AVENUE~N4*HARTFORD*CT*06156~REF*2U*60054~PER*BL*PROVIDER SERVICE~N1*PE*THE RENFREW CENTER OF FLORIDA, LLC*XX*1912008137~N3*PO BOX 713700~N4*PHILADELPHIA*PA*191713700~REF*PQ*417044550~REF*TJ*200995125~LX*1~TS3*1912008137*22*20261231*3*19500~CLP*CX155801X1*1*6000*2492**13*E1JNT5RQB0000*13*3~NM1*QC*1*BENNETT*MOLLY~NM1*IL*1*SHOOK*MELISSA****MI*W292364487~NM1*82*2*THE RENFREW CENTER OF ORLANDO, LLC*****XX*1912008137~REF*G1*074716536~REF*1L*0247107-011-00001-AA~REF*CE*AETNA CHOICE  POS II NET 00449~DTM*232*20260518~DTM*233*20260522~DTM*050*20260526~PER*CX**TE*8886323862~AMT*AU*6000~SVC*HC:H0035*1500*623*0912*1~DTM*472*20260518~CAS*CO*45*877~REF*6R*CX155801X67708.004~AMT*B6*623~SVC*HC:H0035*1500*623*0912*1~DTM*472*20260520~CAS*CO*45*877~REF*6R*CX155801X67710.004~AMT*B6*623~SVC*HC:H0035*1500*623*0912*1~DTM*472*20260521~CAS*CO*45*877~REF*6R*CX155801X67711.001~AMT*B6*623~SVC*HC:H0035*1500*623*0912*1~DTM*472*20260522~CAS*CO*45*877~REF*6R*CX155801X67712.003~AMT*B6*623~CLP*CX155802X2*1*6000*2118.2*373.8*13*E1TYT5KRP0000*13*3~NM1*QC*1*MORGAN*ERIN~NM1*IL*1*MORGAN*JEFFREY****MI*W23277229~NM1*74*1******C*W232772299~NM1*82*2*THE RENFREW CENTER OF ORLANDO, LLC*****XX*1912008137~REF*G1*074688752~REF*1L*0818717-037-00006-VB~REF*CE*AETNA CHOICE  POS II NET 00449~DTM*232*20260518~DTM*233*20260521~DTM*050*20260526~PER*CX**TE*8886323862~AMT*AU*6000~SVC*HC:H0035*1500*529.55*0912*1~DTM*472*20260518~CAS*CO*45*877~CAS*PR*2*93.45~REF*6R*CX155802X67708.005~AMT*B6*623~SVC*HC:H0035*1500*529.55*0912*1~DTM*472*20260519~CAS*CO*45*877~CAS*PR*2*93.45~REF*6R*CX155802X67709.002~AMT*B6*623~SVC*HC:H0035*1500*529.55*0912*1~DTM*472*20260520~CAS*CO*45*877~CAS*PR*2*93.45~REF*6R*CX155802X67710.003~AMT*B6*623~SVC*HC:H0035*1500*529.55*0912*1~DTM*472*20260521~CAS*CO*45*877~CAS*PR*2*93.45~REF*6R*CX155802X67711.001~AMT*B6*623~CLP*CX155803X3*1*7500*3115**12*E2FDT5NZ30000*13*2~NM1*QC*1*LADD*ANGELINA~NM1*IL*1*LADD*LEA****MI*W223488799~NM1*82*2*THE RENFREW CENTER OF ORLANDO, LLC*****XX*1912008137~REF*1L*0326404-040-00100-AD~REF*CE*OPEN ACCESS AETNA SELECT  8480 NET 08091~DTM*232*20260518~DTM*233*20260522~DTM*050*20260526~PER*CX**TE*8886323862~AMT*AU*7500~SVC*HC:H0035*1500*623*0912*1~DTM*472*20260518~CAS*CO*45*877~REF*6R*CX155803X67708.004~AMT*B6*623~SVC*HC:H0035*1500*623*0912*1~DTM*472*20260519~CAS*CO*45*877~REF*6R*CX155803X67709.002~AMT*B6*623~SVC*HC:H0035*1500*623*0912*1~DTM*472*20260520~CAS*CO*45*877~REF*6R*CX155803X67710.003~AMT*B6*623~SVC*HC:H0035*1500*623*0912*1~DTM*472*20260521~CAS*CO*45*877~REF*6R*CX155803X67711.001~AMT*B6*623~SVC*HC:H0035*1500*623*0912*1~DTM*472*20260522~CAS*CO*45*877~REF*6R*CX155803X67712.004~AMT*B6*623~LX*2~TS3*1912008137*55*20261231*1*21000~CLP*CX155797X1*1*21000*0**13*E1ADT5FT90000*11*3~NM1*QC*1*SMITH*ITALIA~NM1*IL*1*WOOLEN*BEATRICE****MI*W280587452~REF*G1*074550292~REF*1L*0865341-016-00611- A~REF*CE*AETNA CHOICE  POS II NET 00397~DTM*232*20260518~DTM*233*20260524~DTM*050*20260526~PER*CX**TE*8886323862~SVC*NU:0124*3000*0**0*NU:1001*1~DTM*472*20260518~CAS*CO*97*3000*1~REF*6R*CX155797X67708.006~LQ*HE*N19~SVC*NU:0124*3000*0**0*NU:1001*1~DTM*472*20260519~CAS*CO*97*3000*1~REF*6R*CX155797X67709.004~LQ*HE*N19~SVC*NU:0124*3000*0**0*NU:1001*1~DTM*472*20260520~CAS*CO*97*3000*1~REF*6R*CX155797X67710.001~LQ*HE*N19~SVC*NU:0124*3000*0**0*NU:1001*1~DTM*472*20260521~CAS*CO*97*3000*1~REF*6R*CX155797X67711.003~LQ*HE*N19~SVC*NU:0124*3000*0**0*NU:1001*1~DTM*472*20260522~CAS*CO*97*3000*1~REF*6R*CX155797X67712.002~LQ*HE*N19~SVC*NU:0124*3000*0**0*NU:1001*1~DTM*472*20260523~CAS*CO*97*3000*1~REF*6R*CX155797X67713.003~LQ*HE*N19~SVC*NU:0124*3000*0**0*NU:1001*1~DTM*472*20260524~CAS*CO*97*3000*1~REF*6R*CX155797X67714.003~LQ*HE*N19~SE*170*000000001~GE*1*521607649~IEA*1*521607649~