ISA*00*          *00*          *ZZ*CHC            *ZZ*00962249       *260710*1051*^*00501*727404999*0*P*:~GS*HP*CHC*00962249*20260710*10510700*727404999*X*005010X221A1~ST*835*000000001~BPR*I*2566.4*C*CHK************20260709~TRN*1*768255527*1591031071~REF*EV*133052274~REF*F2*GWFC~DTM*405*20260709~N1*PR*GREATWESTHEALTHCARE-CIGNA~N3*8505 E. ORCHARD RD~N4*GREENWOOD VILLAGE*CO*80111~REF*2U*62308~PER*CX*GWHC EDIPROD*EM*EDIESCALATEDREQUESTS@CIGNA.COM*TE*8008103388~PER*BL*EDI HELP DESK*TE*8008103388~N1*PE*RENFREW CENTER OF NEW JERSEY*XX*1164514691~N3*PO BOX 713700~N4*PHILADELPHIA*PA*19171~REF*PQ*200022813235~REF*TJ*223704728~LX*1~TS3*1164514691*13*20261231*1*6000~CLP*CX157537X1*1*6000*2566.4*641.6*13*262496595300*13*3~NM1*QC*1*CARBINE*TERESA****MI*10967708702~NM1*IL*1*CARBINE*JOHN****MI*10967708700~REF*1L*00621429~REF*CE*OPEN ACCESS PLUS~REF*EA*IDX125446X8~REF*G1*NO AUTH REQUIRED~DTM*050*20260708~DTM*232*20260629~DTM*233*20260702~AMT*AU*3208~SVC*HC:H0035*1500*641.6*0912*1~DTM*150*20260629~DTM*151*20260629~CAS*CO*45*698~CAS*PR*2*160.4~REF*APC*0~REF*6R*CX157537X67750.002~AMT*B6*802~SVC*HC:H0035*1500*641.6*0912*1~DTM*150*20260630~DTM*151*20260630~CAS*CO*45*698~CAS*PR*2*160.4~REF*APC*0~REF*6R*CX157537X67751.002~AMT*B6*802~SVC*HC:H0035*1500*641.6*0912*1~DTM*150*20260701~DTM*151*20260701~CAS*CO*45*698~CAS*PR*2*160.4~REF*APC*0~REF*6R*CX157537X67752.001~AMT*B6*802~SVC*HC:H0035*1500*641.6*0912*1~DTM*150*20260702~DTM*151*20260702~CAS*CO*45*698~CAS*PR*2*160.4~REF*APC*0~REF*6R*CX157537X67753.001~AMT*B6*802~SE*63*000000001~GE*1*727404999~IEA*1*727404999~