ISA*00*          *00*          *ZZ*CHC            *ZZ*00962249       *260716*1157*^*00501*255405720*0*P*:~GS*HP*CHC*00962249*20260716*11573900*255405720*X*005010X221A1~ST*835*000000001~BPR*I*5605*C*CHK******9999999999*999999999*****20260717~TRN*1*VP3644170415*1391995276*CREDITCAR~REF*EV*841162789~DTM*405*20260715~N1*PR*UHC HARVARD PILGRIM HPHC INSURANCE COMPANY~N3*UNITEDHEALTHCARE SHARED SERVICES~N4*SALT LAKE CITY*UT*841300783~REF*2U*39026~PER*CX*UMR EDI TEAM*TE*8665968447~PER*BL*UMR EDI TEAM*EM*UMR-EDI-IT-TEAM DL@DS.UHC.COM~N1*PE*THE RENFREW CENTERS OF PENNSYL*XX*1417971904~N3*PO BOX 713700~N4*PHILADELPHIA*PA*19171~REF*TJ*200994813~LX*1~CLP*CX156890X1*1*15000*5605**12*26176489119*11*2~NM1*QC*1*GUBRIUM*MALIN~NM1*IL*1*GUBRIUM*MALIN****MI*HPP63785503~NM1*82*1*BATSON*ELYSE****XX*1669350351~REF*1L*78800001~AMT*AU*3000~SVC*NU:1001*3000*5605~DTM*150*20260617~DTM*151*20260621~CAS*CO*94*-2605~REF*6R*CX156890X67738.004~AMT*B6*3000~SVC*NU:1001*3000*0~DTM*150*20260617~DTM*151*20260621~CAS*CO*97*3000~REF*6R*CX156890X67739.002~AMT*B6*3000~SVC*NU:1001*3000*0~DTM*150*20260617~DTM*151*20260621~CAS*CO*97*3000~REF*6R*CX156890X67740.004~AMT*B6*3000~SVC*NU:1001*3000*0~DTM*150*20260617~DTM*151*20260621~CAS*CO*97*3000~REF*6R*CX156890X67741.003~AMT*B6*3000~SVC*NU:1001*3000*0~DTM*150*20260617~DTM*151*20260621~CAS*CO*97*3000~REF*6R*CX156890X67742.002~AMT*B6*3000~SE*53*000000001~GE*1*255405720~IEA*1*255405720~