ISA*00*          *00*          *ZZ*CHC            *ZZ*00962249       *260622*0616*^*00501*146407530*0*P*:~GS*HP*CHC*00962249*20260622*06163200*146407530*X*005010X221A1~ST*835*000000001~BPR*I*2855*C*ACH*CCP*01*011900445*DA*0000009046*1066033492**01*121000248*DA*4122170038*20260625~TRN*1*826173000213562*1066033492~REF*EV*133052274~DTM*405*20260622~N1*PR*AETNA~N3*151 FARMINGTON AVENUE~N4*HARTFORD*CT*06156~REF*2U*60054~PER*BL*PROVIDER SERVICE~N1*PE*THE RENFREW CENTER OF GEORGIA, LLC*XX*1225373145~N3*PO BOX 713700~N4*PHILADELPHIA*PA*191713700~REF*PQ*774305720~REF*TJ*461429049~LX*1~TS3*1225373145*22*20261231*1*7500~CLP*CX156853X1*1*7500*2855**13*E6PDVMPLK0000*13*3~NM1*QC*1*WISE*HANNA****MI*W278883664~REF*G1*074870107~REF*1L*0476537-017-00001- H~REF*CE*AETNA CHOICE  POS II NET 00393~DTM*232*20260608~DTM*233*20260612~DTM*050*20260618~PER*CX**TE*8886323862~AMT*AU*7500~SVC*HC:H0035:95*1500*571*0912*1~DTM*472*20260608~CAS*CO*45*929~REF*6R*CX156853X67729.001~AMT*B6*571~SVC*HC:H0035:95*1500*571*0912*1~DTM*472*20260609~CAS*CO*45*929~REF*6R*CX156853X67730.003~AMT*B6*571~SVC*HC:H0035:95*1500*571*0912*1~DTM*472*20260610~CAS*CO*45*929~REF*6R*CX156853X67731.001~AMT*B6*571~SVC*HC:H0035:95*1500*571*0912*1~DTM*472*20260611~CAS*CO*45*929~REF*6R*CX156853X67732.002~AMT*B6*571~SVC*HC:H0035:95*1500*571*0912*1~DTM*472*20260612~CAS*CO*45*929~REF*6R*CX156853X67733.001~AMT*B6*571~SE*53*000000001~GE*1*146407530~IEA*1*146407530~