ISA*00*          *00*          *ZZ*CHC            *ZZ*00962249       *260623*1146*^*00501*304804000*0*P*:~GS*HP*CHC*00962249*20260623*11461300*304804000*X*005010X221A1~ST*835*000000001~BPR*I*7847*C*ACH*CCP*01*043000096*DA*1028986734*1061118515*000006111*01*121000248*DA*4122170038*20260625~TRN*1*55491319*1061118515*000006111~REF*EV*BFT220003440~REF*F2*1284~DTM*405*20260622~N1*PR*OXFORD HEALTH INSURANCE INC~N3*4 RESEARCH DRIVE~N4*SHELTON*CT*064846282~REF*2U*06111~PER*CX*CUSTOMER SERVICE*TE*8006661353~PER*BL*UNKNOWN*TE*8662740906~N1*PE*THE RENFREW CENTER OF PENNSYLVANIA LLC*XX*1417971904~N3*PO BOX 823700~N4*PHILADELPHIA*PA*19182~REF*TJ*200994813~LX*1~TS3*A2033852*01*20261231*1*21000~CLP*CX155735X2*1*21000*7847**HM*FU43502299*01*3~NM1*QC*1*GERGEL*ELIZABETH~NM1*IL*1*MALOOF*LILY****MI*71849534802~NM1*74*1*GERGEL*ELIZABETH~NM1*82*2*RENFREW CENTERS*****XX*1417971904~REF*CE*OPTUM HEALTH BEHAVIORAL SERVICES  OHBS~DTM*232*20260518~DTM*233*20260524~AMT*AU*7847~SVC*NU:1001*3000*7847**0~DTM*472*20260518~CAS*CO*45*-4847~REF*6R*CX155735X67708.001~AMT*B6*7847~SVC*NU:1001*3000*0**0~DTM*472*20260519~CAS*CO*45*3000~REF*6R*CX155735X67709.005~LQ*HE*N525~SVC*NU:1001*3000*0**0~DTM*472*20260520~CAS*CO*45*3000~REF*6R*CX155735X67710.004~LQ*HE*N525~SVC*NU:1001*3000*0**0~DTM*472*20260521~CAS*CO*45*3000~REF*6R*CX155735X67711.003~LQ*HE*N525~SVC*NU:1001*3000*0**0~DTM*472*20260522~CAS*CO*45*3000~REF*6R*CX155735X67712.001~LQ*HE*N525~SVC*NU:1001*3000*0**0~DTM*472*20260523~CAS*CO*45*3000~REF*6R*CX155735X67713.003~LQ*HE*N525~SVC*NU:1001*3000*0**0~DTM*472*20260524~CAS*CO*45*3000~REF*6R*CX155735X67714.002~LQ*HE*N525~SE*63*000000001~GE*1*304804000~IEA*1*304804000~