ISA*00*          *00*          *ZZ*CHC            *ZZ*00962249       *260611*0653*^*00501*196605311*0*P*:~GS*HP*CHC*00962249*20260611*06533800*196605311*X*005010X221A1~ST*835*000000001~BPR*H*0*C*NON******9999999999*999999999*****20260615~TRN*1*55070314*1061118515*000006111~REF*EV*BFT220003440~REF*F2*1284~DTM*405*20260610~N1*PR*OXFORD HEALTH INSURANCE INC~N3*4 RESEARCH DRIVE~N4*SHELTON*CT*064846282~REF*2U*06111~PER*CX*CUSTOMER SERVICE*TE*8006661353~PER*BL*UNKNOWN*TE*8662740906~N1*PE*THE RENFREW CENTER INC*XX*1417971904~N3*PO BOX 823700~N4*PHILADELPHIA*PA*19182~REF*TJ*200994813~LX*1~TS3*A2033852*01*20261231*1*21000~CLP*CX155964X2*1*21000*0**HM*FU64039515*01*3~NM1*QC*1*GERGEL*ELIZABETH~NM1*IL*1*MALOOF*LILY****MI*71849534802~NM1*74*1*GERGEL*ELIZABETH~NM1*82*2*RENFREW CENTERS*****XX*1417971904~REF*CE*OPTUM HEALTH BEHAVIORAL SERVICES  OHBS~DTM*232*20260525~DTM*233*20260531~SVC*NU:1001*3000*0**0~DTM*472*20260525~CAS*CO*197*3000~REF*6R*CX155964X67715.003~SVC*NU:1001*3000*0**0~DTM*472*20260526~CAS*CO*197*3000~REF*6R*CX155964X67716.004~SVC*NU:1001*3000*0**0~DTM*472*20260527~CAS*CO*197*3000~REF*6R*CX155964X67717.004~SVC*NU:1001*3000*0**0~DTM*472*20260528~CAS*CO*197*3000~REF*6R*CX155964X67718.003~SVC*NU:1001*3000*0**0~DTM*472*20260529~CAS*CO*197*3000~REF*6R*CX155964X67719.001~SVC*NU:1001*3000*0**0~DTM*472*20260530~CAS*CO*197*3000~REF*6R*CX155964X67720.001~SVC*NU:1001*3000*0**0~DTM*472*20260531~CAS*CO*197*3000~REF*6R*CX155964X67721.003~SE*55*000000001~GE*1*196605311~IEA*1*196605311~