ISA*00*          *00*          *ZZ*CHC            *ZZ*00962249       *260602*0619*^*00501*411806292*0*P*:~GS*HP*CHC*00962249*20260602*06190400*411806292*X*005010X221A1~ST*835*000000001~BPR*I*26202.06*C*ACH*CCP*01*011900445*DA*0000009046*1066033492**01*121000248*DA*4122170038*20260605~TRN*1*826153000213543*1066033492~REF*EV*133052274~DTM*405*20260602~N1*PR*AETNA~N3*151 FARMINGTON AVENUE~N4*HARTFORD*CT*06156~REF*2U*60054~PER*BL*PROVIDER SERVICE~N1*PE*THE RENFREW CENTER OF PHILADELPHIA LLC*XX*1417971904~N3*PO BOX 713700~N4*PHILADELPHIA*PA*191713700~REF*PQ*182224660~REF*TJ*200994813~LX*1~TS3*1417971904*22*20261231*1*7500~CLP*CX155774X1*1*7500*3265**13*EATYW1XV10000*13*3~NM1*QC*1*COHEN*SAMARA~NM1*IL*1*COHEN*EDAN****MI*0000196210~NM1*74*1******C*W293722774~NM1*82*2*THE RENFREW CENTER OF PENNSYLVANIA,*****XX*1417971904~REF*G1*074585768~REF*1L*0697478-013-00001-EB~REF*CE*AETNA CHOICE  POS II NET 00408~DTM*232*20260518~DTM*233*20260522~DTM*050*20260526~PER*CX**TE*8886323862~AMT*AU*7500~SVC*HC:H0035*1500*653*0912*1~DTM*472*20260518~CAS*CO*45*847~REF*6R*CX155774X67708.005~AMT*B6*653~SVC*HC:H0035*1500*653*0912*1~DTM*472*20260519~CAS*CO*45*847~REF*6R*CX155774X67709.004~AMT*B6*653~SVC*HC:H0035*1500*653*0912*1~DTM*472*20260520~CAS*CO*45*847~REF*6R*CX155774X67710.004~AMT*B6*653~SVC*HC:H0035*1500*653*0912*1~DTM*472*20260521~CAS*CO*45*847~REF*6R*CX155774X67711.004~AMT*B6*653~SVC*HC:H0035*1500*653*0912*1~DTM*472*20260522~CAS*CO*45*847~REF*6R*CX155774X67712.004~AMT*B6*653~LX*2~TS3*1417971904*22*20261231*3*15750~CLP*CX155777X2*1*6000*2563.06*48.94*12*EBFDW11030000*13*3~NM1*QC*1*DILMORE-SEHLHOFF*EIREN~NM1*IL*1*SEHLHOFF*KELLY****MI*W274994376~NM1*82*2*THE RENFREW CENTER OF PENNSYLVANIA,*****XX*1417971904~REF*G1*074662340~REF*1L*0863782-010-00004- A~REF*CE*OPEN ACCESS AETNA SELECT  8480 NET 01217~DTM*232*20260518~DTM*233*20260521~DTM*050*20260526~PER*CX**TE*8886323862~AMT*AU*6000~SVC*HC:H0035*1500*628*0912*1~DTM*472*20260518~CAS*CO*45*847~CAS*PR*3*25~REF*6R*CX155777X67708.002~AMT*B6*653~SVC*HC:H0035*1500*629.06*0912*1~DTM*472*20260519~CAS*CO*45*847~CAS*PR*3*23.94~REF*6R*CX155777X67709.001~AMT*B6*653~SVC*HC:H0035*1500*653*0912*1~DTM*472*20260520~CAS*CO*45*847~REF*6R*CX155777X67710.003~AMT*B6*653~SVC*HC:H0035*1500*653*0912*1~DTM*472*20260521~CAS*CO*45*847~REF*6R*CX155777X67711.001~AMT*B6*653~CLP*CX155786X2*1*7500*3265**12*EBPDWY4CP0000*13*3~NM1*QC*1*DILLEN*SHAYLEE****MI*W286904557~NM1*82*2*THE RENFREW CENTER OF PENNSYLVANIA,*****XX*1417971904~REF*1L*0878581-012-00002-PQ~REF*CE*OPEN CHOICE NET 00140~DTM*232*20260518~DTM*233*20260522~DTM*050*20260526~PER*CX**TE*8886323862~AMT*AU*7500~SVC*HC:H0035:95*1500*653*0912*1~DTM*472*20260518~CAS*CO*45*847~REF*6R*CX155786X67708.002~AMT*B6*653~SVC*HC:H0035:95*1500*653*0912*1~DTM*472*20260519~CAS*CO*45*847~REF*6R*CX155786X67709.001~AMT*B6*653~SVC*HC:H0035:95*1500*653*0912*1~DTM*472*20260520~CAS*CO*45*847~REF*6R*CX155786X67710.003~AMT*B6*653~SVC*HC:H0035:95*1500*653*0912*1~DTM*472*20260521~CAS*CO*45*847~REF*6R*CX155786X67711.001~AMT*B6*653~SVC*HC:H0035:95*1500*653*0912*1~DTM*472*20260522~CAS*CO*45*847~REF*6R*CX155786X67712.002~AMT*B6*653~CLP*CX155778X1*1*2250*1074**13*EC37WXSKN0000*13*3~NM1*QC*1*LEVY*RACHEL~NM1*82*2*THE RENFREW CENTER OF PENNSYLVANIA,*****XX*1417971904~REF*1L*0477278-012-00701-BB~REF*CE*AETNA CHOICE  POS II NET 00408~DTM*232*20260518~DTM*233*20260521~DTM*050*20260526~PER*CX**TE*8886323862~AMT*AU*2250~SVC*HC:S9480*750*358*0905*1~DTM*472*20260518~CAS*CO*45*392~REF*6R*CX155778X67708.001~AMT*B6*358~SVC*HC:S9480*750*358*0905*1~DTM*472*20260520~CAS*CO*45*392~REF*6R*CX155778X67710.001~AMT*B6*358~SVC*HC:S9480*750*358*0905*1~DTM*472*20260521~CAS*CO*45*392~REF*6R*CX155778X67711.001~AMT*B6*358~LX*3~TS3*1417971904*55*20261231*3*45000~CLP*CX155505X3*1*21000*5667*3405*13*EATYWWLFG0000*11*3~NM1*QC*1*STANTON*CARRIE~NM1*IL*1*STANTON*KIMBERLY****MI*W280373806~NM1*82*2*THE RENFREW CENTER OF PENNSYLVANIA*****XX*1417971904~REF*G1*074605880~REF*1L*0283903-011-00024-EC~REF*CE*AETNA CHOICE  POS II NET 00408~DTM*232*20260511~DTM*233*20260517~DTM*050*20260518~PER*CX**TE*8886323862~AMT*AU*21000~SVC*NU:0124*3000*0**1*NU:1001~DTM*472*20260511~CAS*CO*45*1704~CAS*PR*3*1296~REF*6R*CX155505X67701.005~AMT*B6*1296~SVC*NU:0124*3000*0**1*NU:1001~DTM*472*20260512~CAS*CO*45*1704~CAS*PR*3*1296~REF*6R*CX155505X67702.004~AMT*B6*1296~SVC*NU:0124*3000*483**1*NU:1001~DTM*472*20260513~CAS*CO*45*1704~CAS*PR*3*813~REF*6R*CX155505X67703.002~AMT*B6*1296~SVC*NU:0124*3000*1296**1*NU:1001~DTM*472*20260514~CAS*CO*45*1704~REF*6R*CX155505X67704.003~AMT*B6*1296~SVC*NU:0124*3000*1296**1*NU:1001~DTM*472*20260515~CAS*CO*45*1704~REF*6R*CX155505X67705.002~AMT*B6*1296~SVC*NU:0124*3000*1296**1*NU:1001~DTM*472*20260516~CAS*CO*45*1704~REF*6R*CX155505X67706.003~AMT*B6*1296~SVC*NU:0124*3000*1296**1*NU:1001~DTM*472*20260517~CAS*CO*45*1704~REF*6R*CX155505X67707.002~AMT*B6*1296~CLP*CX155736X1*1*3000*1296**13*ECJNW1TJJ0000*11*4~NM1*QC*1*STEELY*TIFFANY****MI*W283899648~NM1*82*2*THE RENFREW CENTER OF PENNSYLVANIA*****XX*1417971904~REF*G1*074462251~REF*1L*0105945-010-00731-AH~REF*CE*AETNA CHOICE  POS II NET 00408~DTM*232*20260518~DTM*233*20260518~DTM*050*20260526~PER*CX**TE*8886323862~AMT*AU*3000~SVC*NU:0124*3000*1296**1*NU:1001~DTM*472*20260518~CAS*CO*45*1704~REF*6R*CX155736X67708.003~AMT*B6*1296~CLP*CX155737X2*1*21000*9072**13*ECTYW1Q370000*11*3~NM1*QC*1*YOUNG*ALEXIS****MI*W236797569~NM1*82*2*THE RENFREW CENTER OF PENNSYLVANIA*****XX*1417971904~REF*G1*074461885~REF*1L*0868560-051-00011-PH~REF*CE*AETNA CHOICE  POS II NET 00408~DTM*232*20260518~DTM*233*20260524~DTM*050*20260526~PER*CX**TE*8886323862~AMT*AU*21000~SVC*NU:0124*3000*1296**1*NU:1001~DTM*472*20260518~CAS*CO*45*1704~REF*6R*CX155737X67708.002~AMT*B6*1296~SVC*NU:0124*3000*1296**1*NU:1001~DTM*472*20260519~CAS*CO*45*1704~REF*6R*CX155737X67709.002~AMT*B6*1296~SVC*NU:0124*3000*1296**1*NU:1001~DTM*472*20260520~CAS*CO*45*1704~REF*6R*CX155737X67710.002~AMT*B6*1296~SVC*NU:0124*3000*1296**1*NU:1001~DTM*472*20260521~CAS*CO*45*1704~REF*6R*CX155737X67711.002~AMT*B6*1296~SVC*NU:0124*3000*1296**1*NU:1001~DTM*472*20260522~CAS*CO*45*1704~REF*6R*CX155737X67712.003~AMT*B6*1296~SVC*NU:0124*3000*1296**1*NU:1001~DTM*472*20260523~CAS*CO*45*1704~REF*6R*CX155737X67713.002~AMT*B6*1296~SVC*NU:0124*3000*1296**1*NU:1001~DTM*472*20260524~CAS*CO*45*1704~REF*6R*CX155737X67714.003~AMT*B6*1296~SE*266*000000001~GE*1*411806292~IEA*1*411806292~