ISA*00*          *00*          *ZZ*CHC            *ZZ*00962249       *260709*1031*^*00501*632007936*0*P*:~GS*HP*CHC*00962249*20260709*10311700*632007936*X*005010X221A1~ST*835*000000001~BPR*I*2316*C*ACH*CCP*01*124384877*DA*1470858534*1411289245*000087726*01*121000248*DA*4122170038*20260713~TRN*1*26190B1000026975*1411289245*000087726~REF*EV*B00099999800~DTM*405*20260709~N1*PR*UNITED HEALTHCARE INSURANCE COMPANY~N3*PO BOX 30755~N4*SALT LAKE CITY*UT*841300755~REF*2U*87726~PER*CX*UNITED BEHAVIORAL HEALTH*TE*8003338724~PER*BL*UNKNOWN*UR*WWW.UNITEDHEALTHCAREONLINE.COM/B2C/CONTACTUS.DO~N1*PE*THE RENFREW CENTER OF PENNSYLVANIA LLC*XX*1417971904~N3*PO BOX 823700~N4*PHILADELPHIA*PA*19182~REF*TJ*200994813~LX*1~CLP*CX157457X1*1*6000*2316**15*26XF97336600*13*3~NM1*QC*1*DAWSON*ELENA****MI*20652109004~NM1*IL*1*DAWSON*LEIGH****MI*206521090~NM1*74*1***S~REF*G1*4FJYPB-01~REF*1L*10530~REF*CE*RENFREW CENTERS~REF*EA*IDX136433X3~DTM*232*20260629~DTM*233*20260702~DTM*050*20260707~AMT*AU*2316~SVC*HC:H0035*1500*579*0912*1~DTM*472*20260629~CAS*CO*45*921~REF*6R*CX157457X67750.002~AMT*B6*579~SVC*HC:H0035*1500*579*0912*1~DTM*472*20260630~CAS*CO*45*921~REF*6R*CX157457X67751.002~AMT*B6*579~SVC*HC:H0035*1500*579*0912*1~DTM*472*20260701~CAS*CO*45*921~REF*6R*CX157457X67752.003~AMT*B6*579~SVC*HC:H0035*1500*579*0912*1~DTM*472*20260702~CAS*CO*45*921~REF*6R*CX157457X67753.001~AMT*B6*579~SE*49*000000001~GE*1*632007936~IEA*1*632007936~