ISA*00*          *00*          *ZZ*CHC            *ZZ*00962249       *260624*1219*^*00501*409207013*0*P*:~GS*HP*CHC*00962249*20260624*12194100*409207013*X*005010X221A1~ST*835*000000001~BPR*I*13743*C*ACH*CCP*01*043301627*DA*1069954659C*1341858379**01*121000248*DA*4122170038*20260626~TRN*1*1251771638*1341858379~DTM*405*20260624~N1*PR*INDEPENDENCE BLUE CROSS, LLC~N3*1901 MARKET STREET~N4*PHILADELPHIA*PA*19103~REF*2U*SX055~PER*CX*EDI SUPPORT TEAM*FX*4408355656*TE*4408353511~PER*BL*EDI SUPPORT TEAM~N1*PE*PA THE RENFREW CENTERS*XX*1417971904~N3*PO BOX 823700~N4*PHILADELPHIA*PA*19182~REF*TJ*200994813~LX*1~CLP*CX156661X3*1*2250*1131*45*ZZ*2026168049741*13*3~NM1*QC*1*PENCE*KAIA****MI*2520217300~NM1*IL*1*PENCE*DAVID*R***MI*2520217300~REF*CE*901995649~DTM*232*20260609~DTM*233*20260612~DTM*050*20260618~PER*CX**TE*4408353511~AMT*AU*1176~SVC*NU:0905*750*377**1**0~DTM*472*20260609~CAS*CO*45*358*1~CAS*PR*3*15*1~REF*6R*CX156661X67730.001~AMT*B6*392~SVC*NU:0905*750*377**1**0~DTM*472*20260610~CAS*CO*45*358*1~CAS*PR*3*15*1~REF*6R*CX156661X67731.001~AMT*B6*392~SVC*NU:0905*750*377**1**0~DTM*472*20260612~CAS*CO*45*358*1~CAS*PR*3*15*1~REF*6R*CX156661X67733.003~AMT*B6*392~CLP*CX156655X5*1*7500*3595**ZZ*2026168049749*13*3~NM1*QC*1*GROVE*VERONICA****MI*2504026800~NM1*IL*1*GROVE*FRANS****MI*2504026800~REF*CE*902009616~DTM*232*20260608~DTM*233*20260612~DTM*050*20260618~PER*CX**TE*4408353511~AMT*AU*3595~SVC*NU:0912*1500*719**1**0~DTM*472*20260608~CAS*CO*45*781*1~REF*6R*CX156655X67729.002~AMT*B6*719~SVC*NU:0912*1500*719**1**0~DTM*472*20260609~CAS*CO*45*781*1~REF*6R*CX156655X67730.002~AMT*B6*719~SVC*NU:0912*1500*719**1**0~DTM*472*20260610~CAS*CO*45*781*1~REF*6R*CX156655X67731.001~AMT*B6*719~SVC*NU:0912*1500*719**1**0~DTM*472*20260611~CAS*CO*45*781*1~REF*6R*CX156655X67732.001~AMT*B6*719~SVC*NU:0912*1500*719**1**0~DTM*472*20260612~CAS*CO*45*781*1~REF*6R*CX156655X67733.002~AMT*B6*719~CLP*CX156659X1*1*2250*1086*90*ZZ*2026168049760*13*4~NM1*QC*1*MARTIN*KATHRYN****MI*2529903800~NM1*IL*1*MARTIN*MARIE****MI*2529903800~REF*CE*902001354~DTM*232*20260609~DTM*233*20260611~DTM*050*20260618~PER*CX**TE*4408353511~AMT*AU*1176~SVC*NU:0905*750*362**1**0~DTM*472*20260609~CAS*CO*45*358*1~CAS*PR*3*30*1~REF*6R*CX156659X67730.001~AMT*B6*392~SVC*NU:0905*750*362**1**0~DTM*472*20260610~CAS*CO*45*358*1~CAS*PR*3*30*1~REF*6R*CX156659X67731.001~AMT*B6*392~SVC*NU:0905*750*362**1**0~DTM*472*20260611~CAS*CO*45*358*1~CAS*PR*3*30*1~REF*6R*CX156659X67732.001~AMT*B6*392~CLP*CX156648X1*1*7500*3445*150*ZZ*2026168049761*13*3~NM1*QC*1*MIFFLIN*LILLI*E***MI*2500496300~NM1*IL*1*MIFFLIN*JASON*W***MI*2500496300~REF*CE*902013006~DTM*232*20260608~DTM*233*20260612~DTM*050*20260618~PER*CX**TE*4408353511~AMT*AU*3595~SVC*NU:0912*1500*689**1**0~DTM*472*20260608~CAS*CO*45*781*1~CAS*PR*3*30*1~REF*6R*CX156648X67729.004~AMT*B6*719~SVC*NU:0912*1500*689**1**0~DTM*472*20260609~CAS*CO*45*781*1~CAS*PR*3*30*1~REF*6R*CX156648X67730.004~AMT*B6*719~SVC*NU:0912*1500*689**1**0~DTM*472*20260610~CAS*CO*45*781*1~CAS*PR*3*30*1~REF*6R*CX156648X67731.005~AMT*B6*719~SVC*NU:0912*1500*689**1**0~DTM*472*20260611~CAS*CO*45*781*1~CAS*PR*3*30*1~REF*6R*CX156648X67732.004~AMT*B6*719~SVC*NU:0912*1500*689**1**0~DTM*472*20260612~CAS*CO*45*781*1~CAS*PR*3*30*1~REF*6R*CX156648X67733.005~AMT*B6*719~CLP*CX156676X1*1*2250*1041*135*ZZ*2026168057454*13*3~NM1*QC*1*SMITH*AMANDA****MI*2505364700~NM1*IL*1*SMITH*DANA*K.***MI*2505364700~REF*CE*902007959~DTM*232*20260608~DTM*233*20260611~DTM*050*20260618~PER*CX**TE*4408353511~AMT*AU*1176~SVC*NU:0905*750*347**1**0~DTM*472*20260608~CAS*CO*45*358*1~CAS*PR*3*45*1~REF*6R*CX156676X67729.001~AMT*B6*392~SVC*NU:0905*750*347**1**0~DTM*472*20260610~CAS*CO*45*358*1~CAS*PR*3*45*1~REF*6R*CX156676X67731.002~AMT*B6*392~SVC*NU:0905*750*347**1**0~DTM*472*20260611~CAS*CO*45*358*1~CAS*PR*3*45*1~REF*6R*CX156676X67732.002~AMT*B6*392~CLP*CX156653X3*1*7500*3445*150*ZZ*2026168057476*13*2~NM1*QC*1*KEARNEY*ROSE****MI*2518961400~NM1*IL*1*KEARNEY*CHRISTOPHER*L***MI*2518961400~REF*CE*902000212~DTM*232*20260608~DTM*233*20260612~DTM*050*20260618~PER*CX**TE*4408353511~AMT*AU*3595~SVC*NU:0912*1500*689**1**0~DTM*472*20260608~CAS*CO*45*781*1~CAS*PR*3*30*1~REF*6R*CX156653X67729.002~AMT*B6*719~SVC*NU:0912*1500*689**1**0~DTM*472*20260609~CAS*CO*45*781*1~CAS*PR*3*30*1~REF*6R*CX156653X67730.002~AMT*B6*719~SVC*NU:0912*1500*689**1**0~DTM*472*20260610~CAS*CO*45*781*1~CAS*PR*3*30*1~REF*6R*CX156653X67731.001~AMT*B6*719~SVC*NU:0912*1500*689**1**0~DTM*472*20260611~CAS*CO*45*781*1~CAS*PR*3*30*1~REF*6R*CX156653X67732.001~AMT*B6*719~SVC*NU:0912*1500*689**1**0~DTM*472*20260612~CAS*CO*45*781*1~CAS*PR*3*30*1~REF*6R*CX156653X67733.003~AMT*B6*719~SE*209*000000001~ST*835*000000002~BPR*I*1176*C*ACH*CCP*01*043301627*DA*1069954659C*1341858379**01*121000248*DA*4122170038*20260626~TRN*1*1251771639*1341858379~DTM*405*20260624~N1*PR*INDEPENDENCE BLUE CROSS, LLC~N3*1901 MARKET STREET~N4*PHILADELPHIA*PA*19103~REF*2U*SX055~PER*CX*EDI SUPPORT TEAM*FX*4408355656*TE*4408353511~PER*BL*EDI SUPPORT TEAM~N1*PE*PA THE RENFREW CENTERS*XX*1417971904~N3*PO BOX 823700~N4*PHILADELPHIA*PA*19182~REF*TJ*200994813~LX*1~CLP*CX156663X5*1*2250*1176**ZZ*2026168057456*13*3~NM1*QC*1*MUNOZ*SOPHIA*L***MI*2504776000~NM1*IL*1*MUNOZ*ROBERT*H***MI*2504776000~REF*CE*902017239~DTM*232*20260608~DTM*233*20260611~DTM*050*20260618~PER*CX**TE*4408353511~AMT*AU*1176~SVC*NU:0905*750*392**1**0~DTM*472*20260608~CAS*CO*45*358*1~REF*6R*CX156663X67729.002~AMT*B6*392~SVC*NU:0905*750*392**1**0~DTM*472*20260610~CAS*CO*45*358*1~REF*6R*CX156663X67731.001~AMT*B6*392~SVC*NU:0905*750*392**1**0~DTM*472*20260611~CAS*CO*45*358*1~REF*6R*CX156663X67732.002~AMT*B6*392~SE*40*000000002~GE*2*409207013~IEA*1*409207013~