ISA*00*          *00*          *ZZ*CHC            *ZZ*00962249       *260605*0616*^*00501*669807817*0*P*:~GS*HP*CHC*00962249*20260605*06165400*669807817*X*005010X221A1~ST*835*000000001~BPR*I*548.04*C*ACH*CCP*01*031100209*DA*0000009134*1066033492**01*121000248*DA*4122170038*20260610~TRN*1*826156000361287*1066033492~REF*EV*133052274~DTM*405*20260605~N1*PR*AETNA~N3*151 FARMINGTON AVENUE~N4*HARTFORD*CT*06156~REF*2U*60054~PER*BL*PROVIDER SERVICE~N1*PE*THE RENFREW CENTER OF TENNESSEE*XX*1083812762~N3*PO BOX 713700~N4*PHILADELPHIA*PA*191713700~REF*PQ*174749620~REF*TJ*205497459~LX*1~TS3*1083812762*22*20261231*1*1500~CLP*CX156183X1*1*1500*548.04*60.9*13*EHY2W5CQ40000*13*3~NM1*QC*1*ARSENAULT-YOST*HANNAH~NM1*IL*1*ARSENAULT*GRANT****MI*W293553331~REF*1L*0285630-014-00002-AE~REF*CE*AETNA HEALTHFUND  AETNA CHOICE  POS II NET 00395~DTM*232*20260527~DTM*233*20260528~DTM*050*20260602~PER*CX**TE*2028335751~AMT*AU*1500~SVC*HC:S9480:95*750*274.02*0905*1~DTM*472*20260527~CAS*CO*45*445.53~CAS*PR*2*30.45~REF*6R*CX156183X67717.001~AMT*B6*304.47~SVC*HC:S9480:95*750*274.02*0905*1~DTM*472*20260528~CAS*CO*45*445.53~CAS*PR*2*30.45~REF*6R*CX156183X67718.001~AMT*B6*304.47~SE*40*000000001~ST*835*000000002~BPR*I*3742.35*C*ACH*CCP*01*011900445*DA*0000009046*1066033492**01*121000248*DA*4122170038*20260610~TRN*1*826156000361288*1066033492~REF*EV*133052274~DTM*405*20260605~N1*PR*AETNA~N3*151 FARMINGTON AVENUE~N4*HARTFORD*CT*06156~REF*2U*60054~PER*BL*PROVIDER SERVICE~N1*PE*THE RENFREW CENTER OF TENNESSEE*XX*1083812762~N3*PO BOX 713700~N4*PHILADELPHIA*PA*191713700~REF*PQ*174749620~REF*TJ*205497459~LX*1~TS3*1083812762*22*20261231*3*9750~CLP*CX156184X2*1*1500*608.94**13*EHPDW10C90000*13*3~NM1*QC*1*MCCONNELL*JAMIE****MI*W278602388~REF*1L*0174987-011-00001-AA~REF*CE*AETNA CHOICE  POS II NET 00395~DTM*232*20260527~DTM*233*20260528~DTM*050*20260602~PER*CX**TE*8886323862~AMT*AU*1500~SVC*HC:S9480:95*750*304.47*0905*1~DTM*472*20260527~CAS*CO*45*445.53~REF*6R*CX156184X67717.003~AMT*B6*304.47~SVC*HC:S9480:95*750*304.47*0905*1~DTM*472*20260528~CAS*CO*45*445.53~REF*6R*CX156184X67718.001~AMT*B6*304.47~CLP*CX156156X1*1*2250*913.41**13*EJADW6TC60000*13*4~NM1*QC*1*BARSANTI*THERESA****MI*W289201400~REF*1L*0811338-012-00102-QA~REF*CE*AETNA CHOICE  POS II NET 00395~DTM*232*20260526~DTM*233*20260528~DTM*050*20260602~PER*CX**TE*8886323862~AMT*AU*2250~SVC*HC:S9480*750*304.47*0905*1~DTM*472*20260526~CAS*CO*45*445.53~REF*6R*CX156156X67716.003~AMT*B6*304.47~SVC*HC:S9480*750*304.47*0905*1~DTM*472*20260527~CAS*CO*45*445.53~REF*6R*CX156156X67717.001~AMT*B6*304.47~SVC*HC:S9480*750*304.47*0905*1~DTM*472*20260528~CAS*CO*45*445.53~REF*6R*CX156156X67718.002~AMT*B6*304.47~CLP*CX156155X1*1*6000*2220**13*EJFDW6N7S0000*13*3~NM1*QC*1*PHILLIPS*KAITLYN****MI*W289432268~REF*G1*074391926~REF*1L*0811338-012-00102-QA~REF*CE*AETNA CHOICE  POS II NET 00395~DTM*232*20260526~DTM*233*20260529~DTM*050*20260602~PER*CX**TE*8886323862~AMT*AU*6000~SVC*HC:H0035*1500*555*0912*1~DTM*472*20260526~CAS*CO*45*945~REF*6R*CX156155X67716.002~AMT*B6*555~SVC*HC:H0035*1500*555*0912*1~DTM*472*20260527~CAS*CO*45*945~REF*6R*CX156155X67717.003~AMT*B6*555~SVC*HC:H0035*1500*555*0912*1~DTM*472*20260528~CAS*CO*45*945~REF*6R*CX156155X67718.002~AMT*B6*555~SVC*HC:H0035*1500*555*0912*1~DTM*472*20260529~CAS*CO*45*945~REF*6R*CX156155X67719.005~AMT*B6*555~SE*91*000000002~GE*2*669807817~IEA*1*669807817~