ISA*00*          *00*          *ZZ*CHC            *ZZ*00962249       *260626*0712*^*00501*493805481*0*P*:~GS*HP*CHC*00962249*20260626*07120400*493805481*X*005010X221A1~ST*835*000000001~BPR*I*2548*C*ACH*CCP*01*031100225*DA*2079950064280/*1220999690*999999999*01*121000248*DA*4122170038*20260624~TRN*1*0031608133*1220999690*8352026062502509886~REF*EV*1164514691~DTM*405*20260624~N1*PR*HORIZON BCBSNJ~N3*P O  BOX 420~N4*NEWARK*NJ*071010420~REF*2U*22099~PER*BL*HORIZON BCBSNJ*EM*HORIZONEDI@HORIZONBLUE.COM*TE*8883349242~N1*PE*THE RENFREW CENTER OF NEW JERS*XX*1164514691~N3*PO BOX 713700~N4*PHILADELPHIA*PA*191713700~REF*PQ*001368~REF*TJ*223704728~LX*1~CLP*CX156479X5*1*7500*0*7500*12*780202616115175   00*13*3~NM1*QC*1*VASTI*SIENNA****MI*ZTO6488791DK~NM1*IL*1*VASTI*CHRISTOPHER****MI*ZTO6488791DK~NM1*82*2*ASHLEY  HOADLEY*****XX*1821357682~DTM*232*20260601~DTM*233*20260605~DTM*050*20260609~PER*CX*HORIZON BLUE CROSS BLUE SHIELD OF NEW JERSEY DIRECT ACCESS*TE*8886662535~AMT*AU*3185~SVC*HC:H0035*1500*0*0912*1~DTM*472*20260601~CAS*PR*204*1500~REF*6R*CX156479X67722.001~REF*APC*00000~LQ*HE*N130~SVC*HC:H0035*1500*0*0912*1~DTM*472*20260602~CAS*PR*204*1500~REF*6R*CX156479X67723.002~REF*APC*00000~LQ*HE*N130~SVC*HC:H0035*1500*0*0912*1~DTM*472*20260603~CAS*PR*204*1500~REF*6R*CX156479X67724.002~REF*APC*00000~LQ*HE*N130~SVC*HC:H0035*1500*0*0912*1~DTM*472*20260604~CAS*PR*204*1500~REF*6R*CX156479X67725.002~REF*APC*00000~LQ*HE*N130~SVC*HC:H0035*1500*0*0912*1~DTM*472*20260605~CAS*PR*204*1500~REF*6R*CX156479X67726.002~REF*APC*00000~LQ*HE*N130~CLP*CX155818X2*1*6000*2548**13*780202614922013   00*13*3~NM1*QC*1*WELLBORN*GEORGIA****MI*YHQ3HZN74396740~NM1*IL*1*WELLBORN*TESSA****MI*YHQ3HZN74396740~NM1*74*1******C*YHQ3HZN743967404~NM1*82*2*ASHLEY  HOADLEY*****XX*1821357682~DTM*232*20260518~DTM*233*20260521~DTM*050*20260529~PER*CX*NATIONAL ACCOUNTS POS*TE*8006244758~AMT*AU*2548~AMT*T2*2548~SVC*HC:H0035*1500*637*0912*1~DTM*472*20260518~CAS*CO*45*863~REF*6R*CX155818X67708.001~REF*APC*00000~AMT*B6*637~SVC*HC:H0035*1500*637*0912*1~DTM*472*20260519~CAS*CO*45*863~REF*6R*CX155818X67709.003~REF*APC*00000~AMT*B6*637~SVC*HC:H0035*1500*637*0912*1~DTM*472*20260520~CAS*CO*45*863~REF*6R*CX155818X67710.001~REF*APC*00000~AMT*B6*637~SVC*HC:H0035*1500*637*0912*1~DTM*472*20260521~CAS*CO*45*863~REF*6R*CX155818X67711.001~REF*APC*00000~AMT*B6*637~SE*91*000000001~GE*1*493805481~IEA*1*493805481~