ISA*00*          *00*          *ZZ*CHC            *ZZ*00962249       *260703*0657*^*00501*996208305*0*P*:~GS*HP*CHC*00962249*20260703*06570600*996208305*X*005010X221A1~ST*835*000000001~BPR*I*2548*C*ACH*CCP*01*031100225*DA*2079950064280/*1220999690*999999999*01*121000248*DA*4122170038*20260701~TRN*1*0031661784*1220999690*8352026070203050239~REF*EV*1164514691~DTM*405*20260701~N1*PR*HORIZON BCBSNJ~N3*P O  BOX 420~N4*NEWARK*NJ*071010420~REF*2U*22099~PER*BL*HORIZON BCBSNJ*EM*HORIZONEDI@HORIZONBLUE.COM*TE*8883349242~N1*PE*THE RENFREW CENTER OF NEW JERS*XX*1164514691~N3*PO BOX 713700~N4*PHILADELPHIA*PA*191713700~REF*PQ*001368~REF*TJ*223704728~LX*1~CLP*CX149909X1*1*1500*637**12*780202617619112   00*13*3~NM1*QC*1*CEKIRGE*ELIZA****MI*ZGP843150357~NM1*IL*1*CEKIRGE*NAFIZ****MI*ZGP843150357~NM1*82*2*ASHLEY  HOADLEY*****XX*1821357682~DTM*232*20260102~DTM*233*20260102~DTM*050*20260625~PER*CX*HORIZON BLUE CROSS BLUE SHIELD OF NEW JERSEY DIRECT ACCESS*TE*8886662535~AMT*AU*637~AMT*T2*637~SVC*HC:H0035*1500*637*0912*1~DTM*472*20260102~CAS*CO*45*863~REF*6R*CX149909X67572.001~REF*APC*00000~AMT*B6*637~CLP*CX149909X1*1*4500*1911**12*780202617619452   00*13*7~NM1*QC*1*CEKIRGE*ELIZA****MI*ZGP843150357~NM1*IL*1*CEKIRGE*NAFIZ****MI*ZGP843150357~NM1*82*2*ASHLEY  HOADLEY*****XX*1821357682~DTM*232*20251229~DTM*233*20251231~DTM*050*20260625~PER*CX*HORIZON BLUE CROSS BLUE SHIELD OF NEW JERSEY DIRECT ACCESS*TE*8886662535~AMT*AU*1911~AMT*T2*1911~SVC*HC:H0035*1500*637*0912*1~DTM*472*20251229~CAS*CO*45*863~REF*6R*175339928578556001~REF*APC*00000~AMT*B6*637~SVC*HC:H0035*1500*637*0912*1~DTM*472*20251230~CAS*CO*45*863~REF*6R*175339928578556002~REF*APC*00000~AMT*B6*637~SVC*HC:H0035*1500*637*0912*1~DTM*472*20251231~CAS*CO*45*863~REF*6R*175339928578556003~REF*APC*00000~AMT*B6*637~CLP*CX156719X5*1*7500*0*7500*12*780202616918309   00*13*3~NM1*QC*1*VASTI*SIENNA****MI*ZTO6488791DK~NM1*IL*1*VASTI*CHRISTOPHER****MI*ZTO6488791DK~NM1*82*2*ASHLEY  HOADLEY*****XX*1821357682~DTM*232*20260608~DTM*233*20260612~DTM*050*20260618~PER*CX*HORIZON BLUE CROSS BLUE SHIELD OF NEW JERSEY DIRECT ACCESS*TE*8886662535~AMT*AU*3185~SVC*HC:H0035*1500*0*0912*1~DTM*472*20260608~CAS*PR*204*1500~REF*6R*CX156719X67729.003~REF*APC*00000~LQ*HE*N130~SVC*HC:H0035*1500*0*0912*1~DTM*472*20260609~CAS*PR*204*1500~REF*6R*CX156719X67730.001~REF*APC*00000~LQ*HE*N130~SVC*HC:H0035*1500*0*0912*1~DTM*472*20260610~CAS*PR*204*1500~REF*6R*CX156719X67731.004~REF*APC*00000~LQ*HE*N130~SVC*HC:H0035*1500*0*0912*1~DTM*472*20260611~CAS*PR*204*1500~REF*6R*CX156719X67732.002~REF*APC*00000~LQ*HE*N130~SVC*HC:H0035*1500*0*0912*1~DTM*472*20260612~CAS*PR*204*1500~REF*6R*CX156719X67733.001~REF*APC*00000~LQ*HE*N130~SE*100*000000001~GE*1*996208305~IEA*1*996208305~