ISA*00*          *00*          *ZZ*CHC            *ZZ*00962249       *260613*0613*^*00501*388009177*0*P*:~GS*HP*CHC*00962249*20260613*06133200*388009177*X*005010X221A1~ST*835*000000001~BPR*I*1308.51*C*ACH*CCP*01*011900445*DA*0000009146*1066033492**01*121000248*DA*4122170038*20260617~TRN*1*892616301024599*1066033492~REF*EV*133052274~DTM*405*20260613~N1*PR*AETNA~N3*151 FARMINGTON AVENUE~N4*HARTFORD*CT*06156~REF*2U*60054~PER*BL*PROVIDER SERVICE~N1*PE*THE RENFREW CENTER OF FLORIDA, LLC*XX*1912008137~N3*PO BOX 713700~N4*PHILADELPHIA*PA*19171~REF*PQ*417044550~REF*TJ*200995125~LX*1~TS3*0005549396*11*20261231*2*0~CLP*CX146995X1*22*-21000*-7326**HM*EDY2RK1520003*11*4~NM1*QC*1*RINK*GABRIELA****MI*101997199700~REF*1L*000001-EXFL0159~REF*CE*HMO (AETNA)~DTM*232*20251013~DTM*233*20251019~DTM*050*20251022~PER*CX**TE*8886323862~SVC*NU:1001*-3000*-1221**1~DTM*472*20251013~CAS*CO*45*-1779~REF*6R*CX146995X67491.002~SVC*NU:1001*-3000*0**0**1~DTM*472*20251014~CAS*CO*197*-3000*1~REF*6R*CX146995X67492.002~SVC*NU:1001*-3000*-1221**1~DTM*472*20251015~CAS*CO*45*-1779~REF*6R*CX146995X67493.003~SVC*NU:1001*-3000*-1221**1~DTM*472*20251016~CAS*CO*45*-1779~REF*6R*CX146995X67494.004~SVC*NU:1001*-3000*-1221**1~DTM*472*20251017~CAS*CO*45*-1779~REF*6R*CX146995X67495.001~SVC*NU:1001*-3000*-1221**1~DTM*472*20251018~CAS*CO*45*-1779~REF*6R*CX146995X67496.001~SVC*NU:1001*-3000*-1221**1~DTM*472*20251019~CAS*CO*45*-1779~REF*6R*CX146995X67497.001~CLP*CX146995X1*1*21000*8547**HM*EDY2RK1520004*11*4~NM1*QC*1*RINK*GABRIELA****MI*101997199700~REF*1L*000001-EXFL0159~REF*CE*HMO (AETNA)~REF*F8*EDY2RK1520003~DTM*232*20251013~DTM*233*20251019~DTM*050*20251022~PER*CX**TE*8886323862~AMT*I*87.51~AMT*AU*21000~SVC*NU:1001*3000*1221**1~DTM*472*20251013~CAS*CO*45*1779~REF*6R*CX146995X67491.002~AMT*B6*1221~SVC*NU:1001*3000*1221**1~DTM*472*20251014~CAS*CO*45*1779~REF*6R*CX146995X67492.002~AMT*B6*1221~SVC*NU:1001*3000*1221**1~DTM*472*20251015~CAS*CO*45*1779~REF*6R*CX146995X67493.003~AMT*B6*1221~SVC*NU:1001*3000*1221**1~DTM*472*20251016~CAS*CO*45*1779~REF*6R*CX146995X67494.004~AMT*B6*1221~SVC*NU:1001*3000*1221**1~DTM*472*20251017~CAS*CO*45*1779~REF*6R*CX146995X67495.001~AMT*B6*1221~SVC*NU:1001*3000*1221**1~DTM*472*20251018~CAS*CO*45*1779~REF*6R*CX146995X67496.001~AMT*B6*1221~SVC*NU:1001*3000*1221**1~DTM*472*20251019~CAS*CO*45*1779~REF*6R*CX146995X67497.001~AMT*B6*1221~PLB*1912008137*20261231*L6*-87.51~SE*101*000000001~GE*1*388009177~IEA*1*388009177~