ISA*00*          *00*          *ZZ*CHC            *ZZ*00962249       *260629*1223*^*00501*795605694*0*P*:~GS*HP*CHC*00962249*20260629*12234800*795605694*X*005010X221A1~ST*835*000000001~BPR*I*46999*C*CHK******9999999999*999999999*****20260630~TRN*1*VP3617944510*1391995276*CREDITCAR~REF*EV*841162789~DTM*405*20260625~N1*PR*UHC SUREST~N3*UNITEDHEALTHCARE SHARED SERVICES~N4*SALT LAKE CITY*UT*841300783~REF*2U*39026~PER*CX*UMR EDI TEAM*TE*8443686661~PER*BL*UMR EDI TEAM*EM*UMR-EDI-IT-TEAM DL@DS.UHC.COM~N1*PE*THE RENFREW CENTERS OF PENNSYLVANIA*XX*1417971904~N3*PO BOX 713700~N4*PHILADELPHIA*PA*19171~REF*TJ*200994813~LX*1~CLP*CX153376X1*1*129000*46999**12*26097176604*11*1~NM1*QC*1*HINZ*EMMA~NM1*IL*1*HINZ*WALTER****MI*771366475339~NM1*82*1*NEWELL*JESSICA****XX*1972188654~REF*1L*78800000~AMT*AU*129000~SVC*NU:1001*3000*1093~DTM*150*20260211~DTM*151*20260326~CAS*CO*45*1907~REF*6R*CX153376X67612.002~AMT*B6*1093~SVC*NU:1001*3000*1093~DTM*150*20260211~DTM*151*20260326~CAS*CO*45*1907~REF*6R*CX153376X67613.004~AMT*B6*1093~SVC*NU:1001*3000*1093~DTM*150*20260211~DTM*151*20260326~CAS*CO*45*1907~REF*6R*CX153376X67614.004~AMT*B6*1093~SVC*NU:1001*3000*1093~DTM*150*20260211~DTM*151*20260326~CAS*CO*45*1907~REF*6R*CX153376X67615.002~AMT*B6*1093~SVC*NU:1001*3000*1093~DTM*150*20260211~DTM*151*20260326~CAS*CO*45*1907~REF*6R*CX153376X67616.002~AMT*B6*1093~SVC*NU:1001*3000*1093~DTM*150*20260211~DTM*151*20260326~CAS*CO*45*1907~REF*6R*CX153376X67617.004~AMT*B6*1093~SVC*NU:1001*3000*1093~DTM*150*20260211~DTM*151*20260326~CAS*CO*45*1907~REF*6R*CX153376X67618.002~AMT*B6*1093~SVC*NU:1001*3000*1093~DTM*150*20260211~DTM*151*20260326~CAS*CO*45*1907~REF*6R*CX153376X67619.002~AMT*B6*1093~SVC*NU:1001*3000*1093~DTM*150*20260211~DTM*151*20260326~CAS*CO*45*1907~REF*6R*CX153376X67620.001~AMT*B6*1093~SVC*NU:1001*3000*1093~DTM*150*20260211~DTM*151*20260326~CAS*CO*45*1907~REF*6R*CX153376X67621.002~AMT*B6*1093~SVC*NU:1001*3000*1093~DTM*150*20260211~DTM*151*20260326~CAS*CO*45*1907~REF*6R*CX153376X67622.003~AMT*B6*1093~SVC*NU:1001*3000*1093~DTM*150*20260211~DTM*151*20260326~CAS*CO*45*1907~REF*6R*CX153376X67623.003~AMT*B6*1093~SVC*NU:1001*3000*1093~DTM*150*20260211~DTM*151*20260326~CAS*CO*45*1907~REF*6R*CX153376X67624.002~AMT*B6*1093~SVC*NU:1001*3000*1093~DTM*150*20260211~DTM*151*20260326~CAS*CO*45*1907~REF*6R*CX153376X67625.004~AMT*B6*1093~SVC*NU:1001*3000*1093~DTM*150*20260211~DTM*151*20260326~CAS*CO*45*1907~REF*6R*CX153376X67626.003~AMT*B6*1093~SVC*NU:1001*3000*1093~DTM*150*20260211~DTM*151*20260326~CAS*CO*45*1907~REF*6R*CX153376X67627.003~AMT*B6*1093~SVC*NU:1001*3000*1093~DTM*150*20260211~DTM*151*20260326~CAS*CO*45*1907~REF*6R*CX153376X67628.003~AMT*B6*1093~SVC*NU:1001*3000*1093~DTM*150*20260211~DTM*151*20260326~CAS*CO*45*1907~REF*6R*CX153376X67629.003~AMT*B6*1093~SVC*NU:1001*3000*1093~DTM*150*20260211~DTM*151*20260326~CAS*CO*45*1907~REF*6R*CX153376X67630.004~AMT*B6*1093~SVC*NU:1001*3000*1093~DTM*150*20260211~DTM*151*20260326~CAS*CO*45*1907~REF*6R*CX153376X67631.004~AMT*B6*1093~SVC*NU:1001*3000*1093~DTM*150*20260211~DTM*151*20260326~CAS*CO*45*1907~REF*6R*CX153376X67632.002~AMT*B6*1093~SVC*NU:1001*3000*1093~DTM*150*20260211~DTM*151*20260326~CAS*CO*45*1907~REF*6R*CX153376X67633.002~AMT*B6*1093~SVC*NU:1001*3000*1093~DTM*150*20260211~DTM*151*20260326~CAS*CO*45*1907~REF*6R*CX153376X67634.002~AMT*B6*1093~SVC*NU:1001*3000*1093~DTM*150*20260211~DTM*151*20260326~CAS*CO*45*1907~REF*6R*CX153376X67635.003~AMT*B6*1093~SVC*NU:1001*3000*1093~DTM*150*20260211~DTM*151*20260326~CAS*CO*45*1907~REF*6R*CX153376X67636.002~AMT*B6*1093~SVC*NU:1001*3000*1093~DTM*150*20260211~DTM*151*20260326~CAS*CO*45*1907~REF*6R*CX153376X67637.003~AMT*B6*1093~SVC*NU:1001*3000*1093~DTM*150*20260211~DTM*151*20260326~CAS*CO*45*1907~REF*6R*CX153376X67638.002~AMT*B6*1093~SVC*NU:1001*3000*1093~DTM*150*20260211~DTM*151*20260326~CAS*CO*45*1907~REF*6R*CX153376X67639.001~AMT*B6*1093~SVC*NU:1001*3000*1093~DTM*150*20260211~DTM*151*20260326~CAS*CO*45*1907~REF*6R*CX153376X67640.006~AMT*B6*1093~SVC*NU:1001*3000*1093~DTM*150*20260211~DTM*151*20260326~CAS*CO*45*1907~REF*6R*CX153376X67641.001~AMT*B6*1093~SVC*NU:1001*3000*1093~DTM*150*20260211~DTM*151*20260326~CAS*CO*45*1907~REF*6R*CX153376X67642.003~AMT*B6*1093~SVC*NU:1001*3000*1093~DTM*150*20260211~DTM*151*20260326~CAS*CO*45*1907~REF*6R*CX153376X67643.002~AMT*B6*1093~SVC*NU:1001*3000*1093~DTM*150*20260211~DTM*151*20260326~CAS*CO*45*1907~REF*6R*CX153376X67644.003~AMT*B6*1093~SVC*NU:1001*3000*1093~DTM*150*20260211~DTM*151*20260326~CAS*CO*45*1907~REF*6R*CX153376X67645.005~AMT*B6*1093~SVC*NU:1001*3000*1093~DTM*150*20260211~DTM*151*20260326~CAS*CO*45*1907~REF*6R*CX153376X67646.001~AMT*B6*1093~SVC*NU:1001*3000*1093~DTM*150*20260211~DTM*151*20260326~CAS*CO*45*1907~REF*6R*CX153376X67647.001~AMT*B6*1093~SVC*NU:1001*3000*1093~DTM*150*20260211~DTM*151*20260326~CAS*CO*45*1907~REF*6R*CX153376X67648.001~AMT*B6*1093~SVC*NU:1001*3000*1093~DTM*150*20260211~DTM*151*20260326~CAS*CO*45*1907~REF*6R*CX153376X67649.002~AMT*B6*1093~SVC*NU:1001*3000*1093~DTM*150*20260211~DTM*151*20260326~CAS*CO*45*1907~REF*6R*CX153376X67650.001~AMT*B6*1093~SVC*NU:1001*3000*1093~DTM*150*20260211~DTM*151*20260326~CAS*CO*45*1907~REF*6R*CX153376X67651.001~AMT*B6*1093~SVC*NU:1001*3000*1093~DTM*150*20260211~DTM*151*20260326~CAS*CO*45*1907~REF*6R*CX153376X67652.001~AMT*B6*1093~SVC*NU:1001*3000*1093~DTM*150*20260211~DTM*151*20260326~CAS*CO*45*1907~REF*6R*CX153376X67653.001~AMT*B6*1093~SVC*NU:1001*3000*1093~DTM*150*20260211~DTM*151*20260326~CAS*CO*45*1907~REF*6R*CX153376X67654.002~AMT*B6*1093~SE*281*000000001~GE*1*795605694~IEA*1*795605694~