ISA*00*          *00*          *ZZ*CHC            *ZZ*00962249       *260604*1036*^*00501*602605233*0*P*:~GS*HP*CHC*00962249*20260604*10365200*602605233*X*005010X221A1~ST*835*000000001~BPR*I*12732*C*CHK******9999999999*999999999*****20260605~TRN*1*VP3582745174*1391995276*CREDITCAR~REF*EV*841162789~DTM*405*20260603~N1*PR*UHC HARVARD PILGRIM HPHC INSURANCE COMPANY~N3*UNITEDHEALTHCARE SHARED SERVICES~N4*SALT LAKE CITY*UT*841300783~REF*2U*39026~PER*CX*UMR EDI TEAM*TE*8665968447~PER*BL*UMR EDI TEAM*EM*UMR-EDI-IT-TEAM DL@DS.UHC.COM~N1*PE*THE RENFREW CENTER PA*XX*1417971904~N3*PO BOX 713700~N4*PHILA*PA*19171~REF*TJ*200994813~LX*1~CLP*116477*22*-36000*0**12*24339005476**4~NM1*QC*1*LEBRON*NISSY~NM1*IL*1*LEBRON*NISSY****MI*HP608680303~NM1*82*1*WATERS*MELISSA****XX*1740515238~REF*1L*78800001~SVC*NU:1001*-36000*0~DTM*150*20240301~DTM*151*20240313~CAS*CO*29*-36000~REF*6R*24339005476001~AMT*B6*-36000~LX*2~CLP*116477*1*36000*12732**12*24339005476**4~NM1*QC*1*LEBRON*NISSY~NM1*IL*1*LEBRON*NISSY****MI*HP608680303~NM1*82*1*WATERS*MELISSA****XX*1740515238~REF*1L*78800001~AMT*AU*36000~SVC*NU:1001*36000*12732~DTM*150*20240301~DTM*151*20240313~CAS*CO*45*23268~REF*6R*24339005476001~AMT*B6*12732~SE*41*000000001~GE*1*602605233~IEA*1*602605233~