ISA*00*          *00*          *ZZ*CHC            *ZZ*00962249       *260708*0620*^*00501*533008265*0*P*:~GS*HP*CHC*00962249*20260708*06200000*533008265*X*005010X221A1~ST*835*000000001~BPR*I*345*C*ACH*CCP*01*031100209*DA*0000009108*1066033492**01*121000248*DA*4122170038*20260713~TRN*1*826189000187267*1066033492~REF*EV*133052274~DTM*405*20260708~N1*PR*AETNA~N3*151 FARMINGTON AVENUE~N4*HARTFORD*CT*06156~REF*2U*60054~PER*BL*PROVIDER SERVICE~N1*PE*THE RENFREW CENTER OF MASSACHUSETTS, LLC*XX*1346674215~N3*PO BOX 713700~N4*PHILADELPHIA*PA*191713700~REF*PQ*046923740~REF*TJ*463400788~LX*1~TS3*1346674215*22*20261231*1*750~CLP*CX157357X1*1*750*345**12*E2618101710000*13*3~NM1*QC*1*STEPHENS*MIA****MI*W281493469~REF*1L*0711110-036-00101-UE~REF*CE*PPO-MEDICAL NET 00124~DTM*232*20260623~DTM*233*20260623~DTM*050*20260630~PER*CX**TE*8886323862~AMT*AU*750~SVC*HC:S9480*750*345**1~DTM*472*20260623~CAS*CO*45*405~REF*6R*CX157357X67744.003~AMT*B6*345~SE*32*000000001~GE*1*533008265~IEA*1*533008265~