ISA*00*          *00*          *ZZ*CHC            *ZZ*00962249       *260718*1726*^*00501*473805745*0*P*:~GS*HP*CHC*00962249*20260718*17263400*473805745*X*005010X221A1~ST*835*000000001~BPR*I*37622*C*ACH*CCP*01*004401195*DA*0000070420*1411648670**01*121000248*DA*4122170038*20260720~TRN*1*260716090050206*1411648670~REF*EV*133052274~REF*F2*PM~DTM*405*20260717~N1*PR*EVERNORTH BEHAVIORAL HEALTH, INC.~N3*P.O. BOX 182223~N4*CHATTANOOGA*TN*374227223~REF*2U*62308~PER*BL*EDI HELP DESK*TE*8008103388~N1*PE*RENFREW CTR OF PA*XX*1417971904~N3*PO BOX 713700~N4*PHILADELPHIA*PA*191713700~REF*TJ*200994813~LX*1~TS3*1417971904*22*20261231*5*84000~CLP*CX157973X1*1*10500*4830**13*7682619694563*13*3~NM1*QC*1*CACCIUTTOLO*ANDREA****MI*U7667653503~NM1*IL*1*CACCIUTTOLO*MARCO****MI*U7667653501~REF*1L*3341798~REF*CE*OPEN ACCESS PLUS~REF*EA*IDX136144X6~DTM*050*20260715~DTM*232*20260706~DTM*233*20260712~PER*CX*MEMBER SERVICES*TE*8002446224~AMT*AU*4830~SVC*HC:H0035*1500*690*0912*1~DTM*150*20260706~DTM*151*20260706~CAS*CO*45*810~REF*6R*CX157973X67757.005~AMT*B6*690~SVC*HC:H0035*1500*690*0912*1~DTM*150*20260707~DTM*151*20260707~CAS*CO*45*810~REF*6R*CX157973X67758.003~AMT*B6*690~SVC*HC:H0035*1500*690*0912*1~DTM*150*20260708~DTM*151*20260708~CAS*CO*45*810~REF*6R*CX157973X67759.004~AMT*B6*690~SVC*HC:H0035*1500*690*0912*1~DTM*150*20260709~DTM*151*20260709~CAS*CO*45*810~REF*6R*CX157973X67760.003~AMT*B6*690~SVC*HC:H0035*1500*690*0912*1~DTM*150*20260710~DTM*151*20260710~CAS*CO*45*810~REF*6R*CX157973X67761.005~AMT*B6*690~SVC*HC:H0035*1500*690*0912*1~DTM*150*20260711~DTM*151*20260711~CAS*CO*45*810~REF*6R*CX157973X67762.005~AMT*B6*690~SVC*HC:H0035*1500*690*0912*1~DTM*150*20260712~DTM*151*20260712~CAS*CO*45*810~REF*6R*CX157973X67763.003~AMT*B6*690~CLP*CX157970X1*1*2250*1053**13*9682619696906*13*3~NM1*QC*1*MITCHELL*MARGARET****MI*U0201974302~NM1*IL*1*MITCHELL*JOSHUA****MI*U0201974301~REF*1L*3346483~REF*CE*OPEN ACCESS PLUS~REF*EA*IDX135379X3~REF*G1*NO AUTH REQUIRED~DTM*050*20260715~DTM*232*20260706~DTM*233*20260710~PER*CX*MEMBER SERVICES*TE*8002446224~AMT*AU*1053~SVC*HC:S9480*750*351*0905*1~DTM*150*20260706~DTM*151*20260706~CAS*CO*45*399~REF*6R*CX157970X67757.001~AMT*B6*351~SVC*HC:S9480*750*351*0905*1~DTM*150*20260708~DTM*151*20260708~CAS*CO*45*399~REF*6R*CX157970X67759.001~AMT*B6*351~SVC*HC:S9480*750*351*0905*1~DTM*150*20260710~DTM*151*20260710~CAS*CO*45*399~REF*6R*CX157970X67761.001~AMT*B6*351~CLP*CX157895X1*1*63000*27914*100*13*7682619094891*11*1~NM1*QC*1*CACCIUTTOLO*ANDREA****MI*U7667653503~NM1*IL*1*CACCIUTTOLO*MARCO****MI*U7667653501~REF*1L*3341798~REF*CE*OPEN ACCESS PLUS~REF*EA*IDX136144X5~REF*BB*002615531917317~DTM*050*20260709~DTM*232*20260603~DTM*233*20260623~PER*CX*MEMBER SERVICES*TE*8002446224~AMT*AU*28014~SVC*NU:1001*3000*1234**1~DTM*150*20260603~DTM*151*20260603~CAS*CO*45*1666~CAS*PR*3*100~REF*6R*CX157895X67724.001~AMT*B6*1334~SVC*NU:1001*3000*1334**1~DTM*150*20260604~DTM*151*20260604~CAS*CO*45*1666~REF*6R*CX157895X67725.004~AMT*B6*1334~SVC*NU:1001*3000*1334**1~DTM*150*20260605~DTM*151*20260605~CAS*CO*45*1666~REF*6R*CX157895X67726.002~AMT*B6*1334~SVC*NU:1001*3000*1334**1~DTM*150*20260606~DTM*151*20260606~CAS*CO*45*1666~REF*6R*CX157895X67727.002~AMT*B6*1334~SVC*NU:1001*3000*1334**1~DTM*150*20260607~DTM*151*20260607~CAS*CO*45*1666~REF*6R*CX157895X67728.003~AMT*B6*1334~SVC*NU:1001*3000*1334**1~DTM*150*20260608~DTM*151*20260608~CAS*CO*45*1666~REF*6R*CX157895X67729.002~AMT*B6*1334~SVC*NU:1001*3000*1334**1~DTM*150*20260609~DTM*151*20260609~CAS*CO*45*1666~REF*6R*CX157895X67730.003~AMT*B6*1334~SVC*NU:1001*3000*1334**1~DTM*150*20260610~DTM*151*20260610~CAS*CO*45*1666~REF*6R*CX157895X67731.004~AMT*B6*1334~SVC*NU:1001*3000*1334**1~DTM*150*20260611~DTM*151*20260611~CAS*CO*45*1666~REF*6R*CX157895X67732.004~AMT*B6*1334~SVC*NU:1001*3000*1334**1~DTM*150*20260612~DTM*151*20260612~CAS*CO*45*1666~REF*6R*CX157895X67733.002~AMT*B6*1334~SVC*NU:1001*3000*1334**1~DTM*150*20260613~DTM*151*20260613~CAS*CO*45*1666~REF*6R*CX157895X67734.002~AMT*B6*1334~SVC*NU:1001*3000*1334**1~DTM*150*20260614~DTM*151*20260614~CAS*CO*45*1666~REF*6R*CX157895X67735.002~AMT*B6*1334~SVC*NU:1001*3000*1334**1~DTM*150*20260615~DTM*151*20260615~CAS*CO*45*1666~REF*6R*CX157895X67736.002~AMT*B6*1334~SVC*NU:1001*3000*1334**1~DTM*150*20260616~DTM*151*20260616~CAS*CO*45*1666~REF*6R*CX157895X67737.004~AMT*B6*1334~SVC*NU:1001*3000*1334**1~DTM*150*20260617~DTM*151*20260617~CAS*CO*45*1666~REF*6R*CX157895X67738.004~AMT*B6*1334~SVC*NU:1001*3000*1334**1~DTM*150*20260618~DTM*151*20260618~CAS*CO*45*1666~REF*6R*CX157895X67739.005~AMT*B6*1334~SVC*NU:1001*3000*1334**1~DTM*150*20260619~DTM*151*20260619~CAS*CO*45*1666~REF*6R*CX157895X67740.002~AMT*B6*1334~SVC*NU:1001*3000*1334**1~DTM*150*20260620~DTM*151*20260620~CAS*CO*45*1666~REF*6R*CX157895X67741.002~AMT*B6*1334~SVC*NU:1001*3000*1334**1~DTM*150*20260621~DTM*151*20260621~CAS*CO*45*1666~REF*6R*CX157895X67742.002~AMT*B6*1334~SVC*NU:1001*3000*1334**1~DTM*150*20260622~DTM*151*20260622~CAS*CO*45*1666~REF*6R*CX157895X67743.002~AMT*B6*1334~SVC*NU:1001*3000*1334**1~DTM*150*20260623~DTM*151*20260623~CAS*CO*45*1666~REF*6R*CX157895X67744.004~AMT*B6*1334~CLP*CX157969X1*1*4500*2070**13*7682619694562*13*2~NM1*QC*1*KOEHLER*BETHANY****MI*U0643892903~NM1*IL*1*KOEHLER*JACLYNN****MI*U0643892901~REF*1L*3343777~REF*CE*OPEN ACCESS PLUS~REF*EA*IDX136285X5~REF*G1*NO AUTHORIZATION REQUIRED~DTM*050*20260715~DTM*232*20260707~DTM*233*20260710~PER*CX*MEMBER SERVICES*TE*8002446224~AMT*AU*2070~SVC*HC:H0035*1500*690*0912*1~DTM*150*20260707~DTM*151*20260707~CAS*CO*45*810~REF*6R*CX157969X67758.001~AMT*B6*690~SVC*HC:H0035*1500*690*0912*1~DTM*150*20260708~DTM*151*20260708~CAS*CO*45*810~REF*6R*CX157969X67759.002~AMT*B6*690~SVC*HC:H0035*1500*690*0912*1~DTM*150*20260710~DTM*151*20260710~CAS*CO*45*810~REF*6R*CX157969X67761.001~AMT*B6*690~CLP*CX157971X2*1*3750*1755**13*4682619696481*13*3~NM1*QC*1*RUARK*EVA****MI*U8142306703~NM1*IL*1*RUARK*BRIAN****MI*U8142306701~REF*1L*3334085~REF*CE*OPEN ACCESS PLUS~REF*EA*IDX135468X8~DTM*050*20260715~DTM*232*20260706~DTM*233*20260710~PER*CX*MEMBER SERVICES*TE*8002446224~AMT*AU*1755~SVC*HC:S9480*750*351*0905*1~DTM*150*20260706~DTM*151*20260706~CAS*CO*45*399~REF*6R*CX157971X67757.001~AMT*B6*351~SVC*HC:S9480*750*351*0905*1~DTM*150*20260707~DTM*151*20260707~CAS*CO*45*399~REF*6R*CX157971X67758.001~AMT*B6*351~SVC*HC:S9480*750*351*0905*1~DTM*150*20260708~DTM*151*20260708~CAS*CO*45*399~REF*6R*CX157971X67759.001~AMT*B6*351~SVC*HC:S9480*750*351*0905*1~DTM*150*20260709~DTM*151*20260709~CAS*CO*45*399~REF*6R*CX157971X67760.001~AMT*B6*351~SVC*HC:S9480*750*351*0905*1~DTM*150*20260710~DTM*151*20260710~CAS*CO*45*399~REF*6R*CX157971X67761.001~AMT*B6*351~SE*311*000000001~GE*1*473805745~IEA*1*473805745~