ISA*00*          *00*          *ZZ*CHC            *ZZ*00962249       *260623*1146*^*00501*324604384*0*P*:~GS*HP*CHC*00962249*20260623*11461100*324604384*X*005010X221A1~ST*835*000000001~BPR*I*1766.4*C*ACH*CCP*01*124384877*DA*720000537*1391995276*0000UMR01*01*121000248*DA*4122170038*20260625~TRN*1*CO33816126943066167431502*1391995276*0000UMR01~REF*EV*841162789~DTM*405*20260616~N1*PR*UMR~N3*PO BOX 30541~N4*SALT LAKE CITY*UT*841300541~REF*2U*39026~PER*CX*UMR EDI TEAM*TE*8005575087~PER*BL*UMR EDI TEAM*EM*UMR-EDI-IT-TEAM DL@DS.UHC.COM~N1*PE*THE RENFREW CENTER OF TENNESSEE LLC*XX*1083812762~N3*PO BOX 823700~N4*PHILADELPHIA*PA*19182~REF*TJ*205497459~LX*1~CLP*CX156596X1*1*6000*1766.4*441.6*12*26162555303*13*2~NM1*QC*1*JONGENEEL*AVA~NM1*IL*1*JONGENEEL*KENRIC****MI*51529418~NM1*82*1*SPISAK*RACHAEL****XX*1063897130~REF*1L*76417701~AMT*AU*6000~SVC*HC:H0035*1500*441.6*0912~DTM*150*20260601~DTM*151*20260605~CAS*CO*45*948~CAS*PR*2*110.4~REF*6R*CX156596X67722.001~AMT*B6*552~SVC*HC:H0035*1500*441.6*0912~DTM*150*20260602~DTM*151*20260605~CAS*CO*45*948~CAS*PR*2*110.4~REF*6R*CX156596X67723.002~AMT*B6*552~SVC*HC:H0035*1500*441.6*0912~DTM*150*20260603~DTM*151*20260605~CAS*CO*45*948~CAS*PR*2*110.4~REF*6R*CX156596X67724.003~AMT*B6*552~SVC*HC:H0035*1500*441.6*0912~DTM*472*20260605~CAS*CO*45*948~CAS*PR*2*110.4~REF*6R*CX156596X67726.004~AMT*B6*552~SE*50*000000001~GE*1*324604384~IEA*1*324604384~