ISA*00*          *00*          *ZZ*CHC            *ZZ*00962249       *260612*1034*^*00501*350206747*0*P*:~GS*HP*CHC*00962249*20260612*10345200*350206747*X*005010X221A1~ST*835*000000001~BPR*I*888*C*ACH*CCP*01*124384877*DA*1470858534*1411289245*000087726*01*121000248*DA*4122170038*20260616~TRN*1*26163B1000028181*1411289245*000087726~REF*EV*B00099999800~DTM*405*20260612~N1*PR*UNITED HEALTHCARE INSURANCE COMPANY~N3*PO BOX 30755~N4*SALT LAKE CITY*UT*841300755~REF*2U*87726~PER*CX*UNITED BEHAVIORAL HEALTH*TE*8003338724~PER*BL*UNKNOWN*UR*WWW.UNITEDHEALTHCAREONLINE.COM/B2C/CONTACTUS.DO~N1*PE*THE RENFREW CENTER OF PENNSYLVANIA LLC*XX*1417971904~N3*PO BOX 823700~N4*PHILADELPHIA*PA*19182~REF*TJ*200994813~LX*1~CLP*CX156444X1*1*2250*888**15*26XF13162400*13*3~NM1*QC*1*STEWART*MAISIE****MI*16062769903~NM1*IL*1*DEIBERT*ALLISON****MI*W232569356~NM1*74*1******C*160627699~REF*G1*49X9XW-01~REF*1L*10530~REF*CE*RENFREW CENTERS~REF*EA*IDX115579X26~DTM*232*20260601~DTM*233*20260605~DTM*050*20260610~AMT*AU*888~SVC*HC:S9480*750*296*0905*1~DTM*472*20260601~CAS*CO*45*454~REF*6R*CX156444X67722.002~AMT*B6*296~SVC*HC:S9480*750*296*0905*1~DTM*472*20260603~CAS*CO*45*454~REF*6R*CX156444X67724.002~AMT*B6*296~SVC*HC:S9480*750*296*0905*1~DTM*472*20260605~CAS*CO*45*454~REF*6R*CX156444X67726.002~AMT*B6*296~SE*44*000000001~GE*1*350206747~IEA*1*350206747~