ISA*00*          *00*          *ZZ*CHC            *ZZ*00962249       *260710*1035*^*00501*755606071*0*P*:~GS*HP*CHC*00962249*20260710*10354100*755606071*X*005010X221A1~ST*835*000000001~BPR*I*2312*C*CHK******9999999999*999999999*****20260710~TRN*1*4878617*1942649097*000087726~REF*EV*B00099999800~DTM*405*20260710~N1*PR*UNITED HEALTHCARE INSURANCE COMPANY~N3*P.O. BOX 30755~N4*SALT LAKE CITY*UT*84130~REF*2U*87726~REF*EO*1805600001~PER*BL*UNKNOWN*UR*WWW.UNITEDHEALTHCAREONLINE.COM/B2C/CONTACTUS.DO~N1*PE*RENFREW CENTER OF MASSACHUSETTS LLC*XX*1346674215~N3*PO BOX 713700~N4*PHILADELPHIA*PA*191713700~REF*TJ*463400788~LX*1~CLP*CX157640X3*1*2250*867**15*26XG01465700*13*3~NM1*QC*1*YINGER*RACHEL****MI*R225631468~NM1*74*1***V***C*181764245~REF*G1*NO AUTH REQUIRED~REF*1L*AW025276~REF*CE*RENFREW CENTER OF MASSACHUSETTS LLC~REF*EA*IDX136194X3~DTM*232*20260629~DTM*233*20260702~DTM*050*20260708~AMT*AU*867~SVC*HC:S9480*750*289*0905*1~DTM*472*20260629~CAS*CO*45*461~REF*6R*CX157640X67750.002~REF*HPI*1457919383~AMT*B6*289~SVC*HC:S9480*750*289*0905*1~DTM*472*20260701~CAS*CO*45*461~REF*6R*CX157640X67752.001~REF*HPI*1457919383~AMT*B6*289~SVC*HC:S9480*750*289*0905*1~DTM*472*20260702~CAS*CO*45*461~REF*6R*CX157640X67753.001~REF*HPI*1457919383~AMT*B6*289~CLP*CX157638X1*1*2250*867**15*26XG01468100*13*3~NM1*QC*1*KAAFARANI*YARA****MI*02688755102~NM1*IL*1*FARHAT*MAHA****MI*R225644772~NM1*74*1***R***C*026887551~REF*G1*NO AUTH REQUIRED~REF*1L*AW025301~REF*CE*RENFREW CENTER OF MASSACHUSETTS LLC~REF*EA*IDX132624X8~DTM*232*20260629~DTM*233*20260702~DTM*050*20260708~AMT*AU*867~SVC*HC:S9480*750*289*0905*1~DTM*472*20260629~CAS*CO*45*461~REF*6R*CX157638X67750.002~REF*HPI*1457919383~AMT*B6*289~SVC*HC:S9480*750*289*0905*1~DTM*472*20260701~CAS*CO*45*461~REF*6R*CX157638X67752.001~REF*HPI*1457919383~AMT*B6*289~SVC*HC:S9480*750*289*0905*1~DTM*472*20260702~CAS*CO*45*461~REF*6R*CX157638X67753.001~REF*HPI*1457919383~AMT*B6*289~CLP*CX157639X2*1*1500*578**15*26XG01604700*13*3~NM1*QC*1*BANERJI*ASHA****MI*11366173502~NM1*IL*1*BANERJI*ALEENA****MI*R225641930~NM1*74*1******C*113661735~REF*G1*NO AUTH NEEDED~REF*1L*AW025301~REF*CE*RENFREW CENTER OF MASSACHUSETTS LLC~REF*EA*IDX134760X6~DTM*232*20260629~DTM*233*20260701~DTM*050*20260708~AMT*AU*578~SVC*HC:S9480*750*289*0905*1~DTM*472*20260629~CAS*CO*45*461~REF*6R*CX157639X67750.002~REF*HPI*1457919383~AMT*B6*289~SVC*HC:S9480*750*289*0905*1~DTM*472*20260701~CAS*CO*45*461~REF*6R*CX157639X67752.001~REF*HPI*1457919383~AMT*B6*289~SE*100*000000001~GE*1*755606071~IEA*1*755606071~