ISA*00*          *00*          *ZZ*CHC            *ZZ*00962249       *260625*0658*^*00501*446404694*0*P*:~GS*HP*CHC*00962249*20260625*06581800*446404694*X*005010X221A1~ST*835*000000001~BPR*I*2548*C*ACH*CCP*01*031100225*DA*2079950064280/*1220999690*999999999*01*121000248*DA*4122170038*20260623~TRN*1*0031597718*1220999690*8352026062402581633~REF*EV*1164514691~DTM*405*20260623~N1*PR*HORIZON BCBSNJ~N3*P O  BOX 420~N4*NEWARK*NJ*071010420~REF*2U*22099~PER*BL*HORIZON BCBSNJ*EM*HORIZONEDI@HORIZONBLUE.COM*TE*8883349242~N1*PE*THE RENFREW CENTER OF NEW JERS*XX*1164514691~N3*PO BOX 713700~N4*PHILADELPHIA*PA*191713700~REF*PQ*001368~REF*TJ*223704728~LX*1~CLP*CX156720X6*1*6000*2548**12*780202616918289   00*13*3~NM1*QC*1*ELAHRACHE*ELAPH****MI*HMZ429W08444~NM1*IL*1*ELAHRACHE*MOD****MI*HMZ429W08444~NM1*82*2*ASHLEY  HOADLEY*****XX*1821357682~DTM*232*20260608~DTM*233*20260612~DTM*050*20260618~PER*CX*HORIZON BLUE CROSS BLUE SHIELD OF NEW JERSEY DIRECT ACCESS*TE*8886662535~AMT*AU*2548~AMT*T2*2548~SVC*HC:H0035*1500*637*0912*1~DTM*472*20260608~CAS*CO*45*863~REF*6R*CX156720X67729.002~REF*APC*00000~AMT*B6*637~SVC*HC:H0035*1500*637*0912*1~DTM*472*20260610~CAS*CO*45*863~REF*6R*CX156720X67731.001~REF*APC*00000~AMT*B6*637~SVC*HC:H0035*1500*637*0912*1~DTM*472*20260611~CAS*CO*45*863~REF*6R*CX156720X67732.001~REF*APC*00000~AMT*B6*637~SVC*HC:H0035*1500*637*0912*1~DTM*472*20260612~CAS*CO*45*863~REF*6R*CX156720X67733.001~REF*APC*00000~AMT*B6*637~CLP*CX156045X2*1*3000*0*3000*12*780202615414096   00*13*2~NM1*QC*1*KELLY*MIRIAM****MI*VKE1043825BL~NM1*IL*1*KELLY*KEVIN****MI*VKE1043825BL~NM1*82*2*ASHLEY  HOADLEY*****XX*1821357682~DTM*232*20260528~DTM*233*20260529~DTM*050*20260602~PER*CX*HORIZON BLUE CROSS BLUE SHIELD OF NEW JERSEY DIRECT ACCESS*TE*8886662535~AMT*AU*1274~SVC*HC:H0035*1500*0*0912*1~DTM*472*20260528~CAS*PR*95*1500~REF*6R*CX156045X67718.004~REF*APC*00000~LQ*HE*N584~SVC*HC:H0035*1500*0*0912*1~DTM*472*20260529~CAS*PR*95*1500~REF*6R*CX156045X67719.004~REF*APC*00000~LQ*HE*N584~SE*72*000000001~GE*1*446404694~IEA*1*446404694~