ISA*00*          *00*          *ZZ*CHC            *ZZ*00962249       *260625*0618*^*00501*454207663*0*P*:~GS*HP*CHC*00962249*20260625*06183500*454207663*X*005010X221A1~ST*835*000000001~BPR*I*3780*C*ACH*CCP*01*031100209*DA*0000009108*1066033492**01*121000248*DA*4122170038*20260630~TRN*1*826176000009705*1066033492~REF*EV*133052274~DTM*405*20260625~N1*PR*AETNA~N3*151 FARMINGTON AVENUE~N4*HARTFORD*CT*06156~REF*2U*60054~PER*BL*PROVIDER SERVICE~N1*PE*THE RENFREW CENTER OF MASSACHUSETTS, LLC*XX*1346674215~N3*PO BOX 713700~N4*PHILADELPHIA*PA*191713700~REF*PQ*046923740~REF*TJ*463400788~LX*1~TS3*1346674215*11*20261231*2*9000~CLP*CX156820X2*1*6000*2400**12*E2616976370000*13*3~NM1*QC*1*HUANG*HELLEN****MI*W261474572~REF*1L*0711110-036-00101-UE~REF*CE*PPO-MEDICAL NET 00124~DTM*232*20260608~DTM*233*20260612~DTM*050*20260618~PER*CX**TE*8886323862~AMT*AU*6000~SVC*HC:H0035*1500*600**1~DTM*472*20260608~CAS*CO*45*900~REF*6R*CX156820X67729.003~AMT*B6*600~SVC*HC:H0035*1500*600**1~DTM*472*20260609~CAS*CO*45*900~REF*6R*CX156820X67730.002~AMT*B6*600~SVC*HC:H0035*1500*600**1~DTM*472*20260610~CAS*CO*45*900~REF*6R*CX156820X67731.004~AMT*B6*600~SVC*HC:H0035*1500*600**1~DTM*472*20260612~CAS*CO*45*900~REF*6R*CX156820X67733.004~AMT*B6*600~CLP*CX156822X1*1*3000*1380**12*E2616976380000*13*3~NM1*QC*1*STEPHENS*MIA****MI*W281493469~REF*1L*0711110-036-00101-UE~REF*CE*PPO-MEDICAL NET 00124~DTM*232*20260609~DTM*233*20260612~DTM*050*20260618~PER*CX**TE*8886323862~AMT*AU*3000~SVC*HC:S9480*750*345**1~DTM*472*20260609~CAS*CO*45*405~REF*6R*CX156822X67730.003~AMT*B6*345~SVC*HC:S9480*750*345**1~DTM*472*20260610~CAS*CO*45*405~REF*6R*CX156822X67731.003~AMT*B6*345~SVC*HC:S9480*750*345**1~DTM*472*20260611~CAS*CO*45*405~REF*6R*CX156822X67732.003~AMT*B6*345~SVC*HC:S9480*750*345**1~DTM*472*20260612~CAS*CO*45*405~REF*6R*CX156822X67733.002~AMT*B6*345~SE*76*000000001~GE*1*454207663~IEA*1*454207663~