ISA*00*          *00*          *ZZ*CHC            *ZZ*00962249       *260623*0648*^*00501*292805830*0*P*:~GS*HP*CHC*00962249*20260623*06480600*292805830*X*005010X221A1~ST*835*000000001~BPR*I*3685.82*C*CHK************20260511~TRN*1*402330255*1341858379~DTM*405*20260511~N1*PR*AMERIHEALTH INC~N3*1901 MARKET STREET~N4*PHILADELPHIA*PA*19103~REF*2U*SX055~PER*CX*EDI SUPPORT TEAM*FX*4408355656*TE*4408353511~PER*BL*EDI SUPPORT TEAM~N1*PE*THE RENFREW CENTER OF NEW JERSEY LLC*XX*1164514691~N3*PO BOX 713700~N4*PHILADELPHIA*PA*19171~REF*TJ*223704728~LX*1~CLP*CX134896X1*22*-6000*-13.52**HM*20250123504522*13*7~NM1*QC*1*MCCARTHY*CAITLIN****MI*QS18163699703~NM1*IL*1*MCCARTHY*CHRISTINA****MI*QS18163699703~REF*CE*3334954~DTM*232*20250114~DTM*233*20250117~DTM*050*20260508~PER*CX**TE*4408353511~SVC*HC:H0035:95*-1500*0*0912*1**0~DTM*472*20250114~CAS*OA*94*-805*1~CAS*PR*1*-695*1~REF*6R*CX134896X67219.002~SVC*HC:H0035:95*-1500*0*0912*1**0~DTM*472*20250115~CAS*OA*94*-805*1~CAS*PR*1*-695*1~REF*6R*CX134896X67220.003~SVC*HC:H0035:95*-1500*0*0912*1**0~DTM*472*20250116~CAS*OA*94*-805*1~CAS*PR*1*-695*1~REF*6R*CX134896X67221.004~SVC*HC:H0035:95*-1500*-13.52*0912*1**0~DTM*472*20250117~CAS*OA*94*-805*1~CAS*PR*1*-681.48*1~REF*6R*CX134896X67222.001~CLP*CX134896X1*1*6000*93.32*2686.68*HM*20250123504522*13*7~NM1*QC*1*MCCARTHY*CAITLIN****MI*QS18163699703~NM1*IL*1*MCCARTHY*CHRISTINA****MI*QS18163699703~REF*CE*3334954~DTM*232*20250114~DTM*233*20250117~DTM*050*20260508~PER*CX**TE*4408353511~AMT*AU*2780~SVC*HC:H0035:95*1500*0*0912*1**0~DTM*472*20250114~CAS*CO*45*805*1~CAS*PR*1*695*1~REF*6R*CX134896X67219.002~AMT*B6*695~SVC*HC:H0035:95*1500*0*0912*1**0~DTM*472*20250115~CAS*CO*45*805*1~CAS*PR*1*695*1~REF*6R*CX134896X67220.003~AMT*B6*695~SVC*HC:H0035:95*1500*0*0912*1**0~DTM*472*20250116~CAS*CO*45*805*1~CAS*PR*1*695*1~REF*6R*CX134896X67221.004~AMT*B6*695~SVC*HC:H0035:95*1500*93.32*0912*1**0~DTM*472*20250117~CAS*CO*45*805*1~CAS*PR*1*601.68*1~REF*6R*CX134896X67222.001~AMT*B6*695~CLP*CX135143X1*22*-6000*-733.91**HM*20250129513519*13*7~NM1*QC*1*MCCARTHY*CAITLIN****MI*QS18163699703~NM1*IL*1*MCCARTHY*CHRISTINA****MI*QS18163699703~REF*CE*3334954~DTM*232*20250121~DTM*233*20250124~DTM*050*20260508~PER*CX**TE*4408353511~SVC*HC:H0035:95*-1500*0*0912*1**0~DTM*472*20250121~CAS*OA*94*-805*1~CAS*PR*1*-695*1~REF*6R*CX135143X67226.001~SVC*HC:H0035:95*-1500*0*0912*1**0~DTM*472*20250122~CAS*OA*94*-805*1~CAS*PR*1*-695*1~REF*6R*CX135143X67227.003~SVC*HC:H0035:95*-1500*-113.91*0912*1**0~DTM*472*20250123~CAS*OA*94*-805*1~CAS*PR*3*-75*1*1*-506.09*1~REF*6R*CX135143X67228.002~SVC*HC:H0035:95*-1500*-620*0912*1**0~DTM*472*20250124~CAS*OA*94*-805*1~CAS*PR*3*-75*1~REF*6R*CX135143X67229.003~CLP*CX135143X1*1*6000*733.91*2046.09*HM*20250129513519*13*7~NM1*QC*1*MCCARTHY*CAITLIN****MI*QS18163699703~NM1*IL*1*MCCARTHY*CHRISTINA****MI*QS18163699703~REF*CE*3334954~DTM*232*20250121~DTM*233*20250124~DTM*050*20260508~PER*CX**TE*4408353511~AMT*AU*2780~SVC*HC:H0035:95*1500*0*0912*1**0~DTM*472*20250121~CAS*CO*45*805*1~CAS*PR*1*695*1~REF*6R*CX135143X67226.001~AMT*B6*695~SVC*HC:H0035:95*1500*0*0912*1**0~DTM*472*20250122~CAS*CO*45*805*1~CAS*PR*1*695*1~REF*6R*CX135143X67227.003~AMT*B6*695~SVC*HC:H0035:95*1500*113.91*0912*1**0~DTM*472*20250123~CAS*CO*45*805*1~CAS*PR*3*75*1*1*506.09*1~REF*6R*CX135143X67228.002~AMT*B6*695~SVC*HC:H0035:95*1500*620*0912*1**0~DTM*472*20250124~CAS*CO*45*805*1~CAS*PR*3*75*1~REF*6R*CX135143X67229.003~AMT*B6*695~CLP*CX135400X1*22*-3000*-1240**HM*20250205507096*13*7~NM1*QC*1*MCCARTHY*CAITLIN****MI*QS18163699703~NM1*IL*1*MCCARTHY*CHRISTINA****MI*QS18163699703~REF*CE*3334954~DTM*232*20250127~DTM*233*20250128~DTM*050*20260508~PER*CX**TE*4408353511~SVC*HC:H0035:95*-1500*-620*0912*1**0~DTM*472*20250127~CAS*OA*94*-805*1~CAS*PR*3*-75*1~REF*6R*CX135400X67232.004~SVC*HC:H0035:95*-1500*-620*0912*1**0~DTM*472*20250128~CAS*OA*94*-805*1~CAS*PR*3*-75*1~REF*6R*CX135400X67233.002~CLP*CX135400X1*1*3000*1240*150*HM*20250205507096*13*7~NM1*QC*1*MCCARTHY*CAITLIN****MI*QS18163699703~NM1*IL*1*MCCARTHY*CHRISTINA****MI*QS18163699703~REF*CE*3334954~DTM*232*20250127~DTM*233*20250128~DTM*050*20260508~PER*CX**TE*4408353511~AMT*AU*1390~SVC*HC:H0035:95*1500*620*0912*1**0~DTM*472*20250127~CAS*CO*45*805*1~CAS*PR*3*75*1~REF*6R*CX135400X67232.004~AMT*B6*695~SVC*HC:H0035:95*1500*620*0912*1**0~DTM*472*20250128~CAS*CO*45*805*1~CAS*PR*3*75*1~REF*6R*CX135400X67233.002~AMT*B6*695~CLP*CX137251X1*22*-7500*-3100**HM*20250312508795*13*7~NM1*QC*1*MCCARTHY*CAITLIN****MI*QS18163699703~NM1*IL*1*MCCARTHY*CHRISTINA****MI*QS18163699703~REF*CE*3334954~DTM*232*20250303~DTM*233*20250307~DTM*050*20260508~PER*CX**TE*4408353511~SVC*HC:H0035:95*-1500*-620*0912*1**0~DTM*472*20250303~CAS*OA*94*-805*1~CAS*PR*3*-75*1~REF*6R*CX137251X67267.004~SVC*HC:H0035:95*-1500*-620*0912*1**0~DTM*472*20250304~CAS*OA*94*-805*1~CAS*PR*3*-75*1~REF*6R*CX137251X67268.004~SVC*HC:H0035:95*-1500*-620*0912*1**0~DTM*472*20250305~CAS*OA*94*-805*1~CAS*PR*3*-75*1~REF*6R*CX137251X67269.002~SVC*HC:H0035:95*-1500*-620*0912*1**0~DTM*472*20250306~CAS*OA*94*-805*1~CAS*PR*3*-75*1~REF*6R*CX137251X67270.004~SVC*HC:H0035:95*-1500*-620*0912*1**0~DTM*472*20250307~CAS*OA*94*-805*1~CAS*PR*3*-75*1~REF*6R*CX137251X67271.004~CLP*CX137251X1*1*7500*3100*375*HM*20250312508795*13*7~NM1*QC*1*MCCARTHY*CAITLIN****MI*QS18163699703~NM1*IL*1*MCCARTHY*CHRISTINA****MI*QS18163699703~REF*CE*3334954~DTM*232*20250303~DTM*233*20250307~DTM*050*20260508~PER*CX**TE*4408353511~AMT*AU*3475~SVC*HC:H0035:95*1500*620*0912*1**0~DTM*472*20250303~CAS*CO*45*805*1~CAS*PR*3*75*1~REF*6R*CX137251X67267.004~AMT*B6*695~SVC*HC:H0035:95*1500*620*0912*1**0~DTM*472*20250304~CAS*CO*45*805*1~CAS*PR*3*75*1~REF*6R*CX137251X67268.004~AMT*B6*695~SVC*HC:H0035:95*1500*620*0912*1**0~DTM*472*20250305~CAS*CO*45*805*1~CAS*PR*3*75*1~REF*6R*CX137251X67269.002~AMT*B6*695~SVC*HC:H0035:95*1500*620*0912*1**0~DTM*472*20250306~CAS*CO*45*805*1~CAS*PR*3*75*1~REF*6R*CX137251X67270.004~AMT*B6*695~SVC*HC:H0035:95*1500*620*0912*1**0~DTM*472*20250307~CAS*CO*45*805*1~CAS*PR*3*75*1~REF*6R*CX137251X67271.004~AMT*B6*695~CLP*CX137504X1*22*-6000*-2631.32**HM*20250319511366*13*7~NM1*QC*1*MCCARTHY*CAITLIN****MI*QS18163699703~NM1*IL*1*MCCARTHY*CHRISTINA****MI*QS18163699703~REF*CE*3334954~DTM*232*20250310~DTM*233*20250314~DTM*050*20260508~PER*CX**TE*4408353511~SVC*HC:H0035:95*-1500*-620*0912*1**0~DTM*472*20250310~CAS*OA*94*-805*1~CAS*PR*3*-75*1~REF*6R*CX137504X67274.003~SVC*HC:H0035:95*-1500*-621.32*0912*1**0~DTM*472*20250311~CAS*OA*94*-805*1~CAS*PR*3*-73.68*1~REF*6R*CX137504X67275.004~SVC*HC:H0035:95*-1500*-695*0912*1**0~DTM*472*20250313~CAS*OA*94*-805*1~REF*6R*CX137504X67277.003~LQ*HE*N16~SVC*HC:H0035:95*-1500*-695*0912*1**0~DTM*472*20250314~CAS*OA*94*-805*1~REF*6R*CX137504X67278.003~LQ*HE*N16~CLP*CX137504X1*1*6000*2631.32*148.68*HM*20250319511366*13*7~NM1*QC*1*MCCARTHY*CAITLIN****MI*QS18163699703~NM1*IL*1*MCCARTHY*CHRISTINA****MI*QS18163699703~REF*CE*3334954~DTM*232*20250310~DTM*233*20250314~DTM*050*20260508~PER*CX**TE*4408353511~AMT*AU*2780~SVC*HC:H0035:95*1500*546.32*0912*1**0~DTM*472*20250310~CAS*CO*45*805*1~CAS*PR*3*64*1*1*84.68*1~REF*6R*CX137504X67274.003~AMT*B6*695~SVC*HC:H0035:95*1500*695*0912*1**0~DTM*472*20250311~CAS*CO*45*805*1~REF*6R*CX137504X67275.004~AMT*B6*695~SVC*HC:H0035:95*1500*695*0912*1**0~DTM*472*20250313~CAS*CO*45*805*1~REF*6R*CX137504X67277.003~AMT*B6*695~SVC*HC:H0035:95*1500*695*0912*1**0~DTM*472*20250314~CAS*CO*45*805*1~REF*6R*CX137504X67278.003~AMT*B6*695~CLP*CX137756X1*22*-7500*-3475**HM*20250326548379*13*7~NM1*QC*1*MCCARTHY*CAITLIN****MI*QS18163699703~NM1*IL*1*MCCARTHY*CHRISTINA****MI*QS18163699703~REF*CE*3334954~DTM*232*20250317~DTM*233*20250321~DTM*050*20260508~PER*CX**TE*4408353511~SVC*HC:H0035:95*-1500*-695*0912*1**0~DTM*472*20250317~CAS*OA*94*-805*1~REF*6R*CX137756X67281.004~SVC*HC:H0035:95*-1500*-695*0912*1**0~DTM*472*20250318~CAS*OA*94*-805*1~REF*6R*CX137756X67282.002~SVC*HC:H0035:95*-1500*-695*0912*1**0~DTM*472*20250319~CAS*OA*94*-805*1~REF*6R*CX137756X67283.003~SVC*HC:H0035:95*-1500*-695*0912*1**0~DTM*472*20250320~CAS*OA*94*-805*1~REF*6R*CX137756X67284.002~LQ*HE*N16~SVC*HC:H0035:95*-1500*-695*0912*1**0~DTM*472*20250321~CAS*OA*94*-805*1~REF*6R*CX137756X67285.003~LQ*HE*N16~CLP*CX137756X1*1*7500*3475**HM*20250326548379*13*7~NM1*QC*1*MCCARTHY*CAITLIN****MI*QS18163699703~NM1*IL*1*MCCARTHY*CHRISTINA****MI*QS18163699703~REF*CE*3334954~DTM*232*20250317~DTM*233*20250321~DTM*050*20260508~PER*CX**TE*4408353511~AMT*AU*3475~SVC*HC:H0035:95*1500*695*0912*1**0~DTM*472*20250317~CAS*CO*45*805*1~REF*6R*CX137756X67281.004~AMT*B6*695~SVC*HC:H0035:95*1500*695*0912*1**0~DTM*472*20250318~CAS*CO*45*805*1~REF*6R*CX137756X67282.002~AMT*B6*695~SVC*HC:H0035:95*1500*695*0912*1**0~DTM*472*20250319~CAS*CO*45*805*1~REF*6R*CX137756X67283.003~AMT*B6*695~SVC*HC:H0035:95*1500*695*0912*1**0~DTM*472*20250320~CAS*CO*45*805*1~REF*6R*CX137756X67284.002~AMT*B6*695~SVC*HC:H0035:95*1500*695*0912*1**0~DTM*472*20250321~CAS*CO*45*805*1~REF*6R*CX137756X67285.003~AMT*B6*695~CLP*CX137980X1*22*-4500*-2085**HM*20250401511183*13*7~NM1*QC*1*MCCARTHY*CAITLIN****MI*QS18163699703~NM1*IL*1*MCCARTHY*CHRISTINA****MI*QS18163699703~REF*CE*3334954~DTM*232*20250324~DTM*233*20250326~DTM*050*20260508~PER*CX**TE*4408353511~SVC*HC:H0035:95*-1500*-695*0912*1**0~DTM*472*20250324~CAS*OA*94*-805*1~REF*6R*CX137980X67288.003~SVC*HC:H0035:95*-1500*-695*0912*1**0~DTM*472*20250325~CAS*OA*94*-805*1~REF*6R*CX137980X67289.003~SVC*HC:H0035:95*-1500*-695*0912*1**0~DTM*472*20250326~CAS*OA*94*-805*1~REF*6R*CX137980X67290.003~LQ*HE*N16~CLP*CX137980X1*1*4500*2085**HM*20250401511183*13*7~NM1*QC*1*MCCARTHY*CAITLIN****MI*QS18163699703~NM1*IL*1*MCCARTHY*CHRISTINA****MI*QS18163699703~REF*CE*3334954~DTM*232*20250324~DTM*233*20250326~DTM*050*20260508~PER*CX**TE*4408353511~AMT*AU*2085~SVC*HC:H0035:95*1500*695*0912*1**0~DTM*472*20250324~CAS*CO*45*805*1~REF*6R*CX137980X67288.003~AMT*B6*695~SVC*HC:H0035:95*1500*695*0912*1**0~DTM*472*20250325~CAS*CO*45*805*1~REF*6R*CX137980X67289.003~AMT*B6*695~SVC*HC:H0035:95*1500*695*0912*1**0~DTM*472*20250326~CAS*CO*45*805*1~REF*6R*CX137980X67290.003~AMT*B6*695~CLP*CX154432X1*1*7500*3595**HM*20260423537252*13*3~NM1*QC*1*MCGROARTY*SABRINA****MI*QB16026541905~NM1*IL*1*MCGROARTY*JOSEPH****MI*QB16026541905~REF*CE*3334954~DTM*232*20260413~DTM*233*20260417~DTM*050*20260508~PER*CX**TE*4408353511~AMT*AU*3595~SVC*HC:H0035*1500*719*0912*1**0~DTM*472*20260413~CAS*CO*45*781*1~REF*6R*CX154432X67673.003~AMT*B6*719~SVC*HC:H0035*1500*719*0912*1**0~DTM*472*20260414~CAS*CO*45*781*1~REF*6R*CX154432X67674.003~AMT*B6*719~SVC*HC:H0035*1500*719*0912*1**0~DTM*472*20260415~CAS*CO*45*781*1~REF*6R*CX154432X67675.004~AMT*B6*719~SVC*HC:H0035*1500*719*0912*1**0~DTM*472*20260416~CAS*CO*45*781*1~REF*6R*CX154432X67676.002~AMT*B6*719~SVC*HC:H0035*1500*719*0912*1**0~DTM*472*20260417~CAS*CO*45*781*1~REF*6R*CX154432X67677.002~AMT*B6*719~PLB*1164514691*20261231*L6:PLBL6-11.021222973*-11.02~SE*451*000000001~ST*835*000000002~BPR*I*2876*C*CHK************20260616~TRN*1*406197367*1341858379~DTM*405*20260616~N1*PR*AMERIHEALTH INC~N3*1901 MARKET STREET~N4*PHILADELPHIA*PA*19103~REF*2U*SX055~PER*CX*EDI SUPPORT TEAM*FX*4408355656*TE*4408353511~PER*BL*EDI SUPPORT TEAM~N1*PE*THE RENFREW CENTER OF NEW JERSEY LLC*XX*1164514691~N3*PO BOX 713700~N4*PHILADELPHIA*PA*19171~REF*TJ*223704728~LX*1~CLP*CX155842X1*1*6000*2876**HM*20260527505317*13*3~NM1*QC*1*MCGROARTY*SABRINA****MI*QB16026541905~NM1*IL*1*MCGROARTY*JOSEPH****MI*QB16026541905~REF*CE*3478755~DTM*232*20260518~DTM*233*20260521~DTM*050*20260612~PER*CX**TE*4408353511~AMT*AU*2876~SVC*HC:H0035*1500*719*0912*1**0~DTM*472*20260518~CAS*CO*45*781*1~REF*6R*CX155842X67708.001~AMT*B6*719~SVC*HC:H0035*1500*719*0912*1**0~DTM*472*20260519~CAS*CO*45*781*1~REF*6R*CX155842X67709.003~AMT*B6*719~SVC*HC:H0035*1500*719*0912*1**0~DTM*472*20260520~CAS*CO*45*781*1~REF*6R*CX155842X67710.001~AMT*B6*719~SVC*HC:H0035*1500*719*0912*1**0~DTM*472*20260521~CAS*CO*45*781*1~REF*6R*CX155842X67711.001~AMT*B6*719~SE*45*000000002~GE*2*292805830~IEA*1*292805830~