ISA*00*          *00*          *ZZ*CHC            *ZZ*00962249       *260717*0713*^*00501*331607465*0*P*:~GS*HP*CHC*00962249*20260717*07131000*331607465*X*005010X221A1~ST*835*000000001~BPR*I*5139*C*ACH*CCP*01*124384877*DA*1470858534*1411289245*000087726*01*121000248*DA*4122170038*20260721~TRN*1*W365720378*1411289245*000087726~REF*EV*B00099999800~REF*F2*1083~DTM*405*20260716~N1*PR*UNITED HEALTHCARE INSURANCE COMPANY~N3*9900 BREN ROAD~N4*MINNETONKA*MN*553439664~REF*2U*87726~PER*CX*ATLANTA SERVICE CENTER*TE*8778423210~PER*BL*UNKNOWN*UR*WWW.UNITEDHEALTHCAREONLINE.COM/B2C/CONTACTUS.DO~N1*PE*THE RENFREW CENTER OF NEW YORK LLC*XX*1568561298~N3*PO BOX 823700~N4*PHILADELPHIA*PA*19182~REF*TJ*522227870~LX*1~TS3*1568561298*13*20261231*2*13500~CLP*CX156729X2*1*6000*2284**12*FV21314406 0027115694*13*4~NM1*QC*1*BARSKY*OLIVIA~NM1*IL*1*BARSKY*ADAM****MI*977438065~NM1*74*1***L~REF*EA*IDX136309X3~REF*BB*W6K77F01~REF*G1*W6K77F-01~REF*1L*193266~REF*CE*OPT/PPO~DTM*232*20260608~DTM*233*20260611~DTM*050*20260618~PER*CX*BUFFALO SERVICE CENTER*TE*8778423210~AMT*AU*6000~SVC*HC:H0035*1500*571*0912*1~DTM*150*20260608~DTM*151*20260611~CAS*CO*45*929~REF*6R*CX156729X67729.002~AMT*B6*571~SVC*HC:H0035*1500*571*0912*1~DTM*150*20260608~DTM*151*20260611~CAS*CO*45*929~REF*6R*CX156729X67730.001~AMT*B6*571~SVC*HC:H0035*1500*571*0912*1~DTM*150*20260608~DTM*151*20260611~CAS*CO*45*929~REF*6R*CX156729X67731.002~AMT*B6*571~SVC*HC:H0035*1500*571*0912*1~DTM*150*20260608~DTM*151*20260611~CAS*CO*45*929~REF*6R*CX156729X67732.001~AMT*B6*571~CLP*CX156728X1*1*7500*2855**13*FV21314404 0029485525*13*2~NM1*QC*1*YEE*NICOLE~NM1*IL*1*YEE*NICOLE****MI*000014068~NM1*74*1***L~REF*1L*186359~REF*EA*IDX136297X3~REF*G1*87HJRC-01~REF*CE*CHOYC+~REF*BB*87HJRC01~DTM*232*20260608~DTM*233*20260612~DTM*050*20260618~PER*CX*GREENSBORO SERVICE CENTER*TE*8778423210~AMT*AU*7500~SVC*HC:H0035*1500*571*0912*1~DTM*150*20260608~DTM*151*20260612~CAS*CO*45*929~REF*6R*CX156728X67729.002~AMT*B6*571~SVC*HC:H0035*1500*571*0912*1~DTM*150*20260608~DTM*151*20260612~CAS*CO*45*929~REF*6R*CX156728X67730.001~AMT*B6*571~SVC*HC:H0035*1500*571*0912*1~DTM*150*20260608~DTM*151*20260612~CAS*CO*45*929~REF*6R*CX156728X67731.002~AMT*B6*571~SVC*HC:H0035*1500*571*0912*1~DTM*150*20260608~DTM*151*20260612~CAS*CO*45*929~REF*6R*CX156728X67732.001~AMT*B6*571~SVC*HC:H0035*1500*571*0912*1~DTM*150*20260608~DTM*151*20260612~CAS*CO*45*929~REF*6R*CX156728X67733.001~AMT*B6*571~SE*101*000000001~GE*1*331607465~IEA*1*331607465~