ISA*00*          *00*          *ZZ*CHC            *ZZ*00962249       *260711*1028*^*00501*795205573*0*P*:~GS*HP*CHC*00962249*20260711*10282100*795205573*X*005010X221A1~ST*835*000000001~BPR*I*2555*C*ACH*CCP*01*124384877*DA*720000537*1391995276*0000UMR01*01*121000248*DA*4122170038*20260713~TRN*1*UH88200065607661245954658*1391995276*0000UMR01~REF*EV*841162789~DTM*405*20260706~N1*PR*UHC SUREST~N3*UNITEDHEALTHCARE SHARED SERVICES*PO BOX 30783~N4*SALT LAKE CITY*UT*841300783~REF*2U*39026~PER*CX*CUSTOMER CARE UNIT*TE*8778423210~PER*BL*UMR EDI TEAM*EM*UMR-EDI-IT-TEAM DL@DS.UHC.COM~N1*PE*THE RENFREW CENTER OF NORTH CAROLINA LLC*XX*1841497518~N3*PO BOX 823700*PO BOX 30783~N4*PHILADELPHIA*PA*19182~REF*TJ*205508748~LX*1~CLP*CX157081X1*1*7500*2555*250*12*26177199748*13*3~NM1*QC*1*ATKINSON*KYLA~NM1*IL*1*ATKINSON*AARON****MI*771898129762~NM1*82*1*AYALEW*RAHEL****XX*1851924443~REF*1L*78800000~AMT*AU*7500~SVC*HC:H0035*1500*511*0912~DTM*472*20260615~CAS*CO*45*939~CAS*PR*3*50~REF*6R*CX157081X67736.002~AMT*B6*561~SVC*HC:H0035*1500*511*0912~DTM*472*20260616~CAS*CO*45*939~CAS*PR*3*50~REF*6R*CX157081X67737.001~AMT*B6*561~SVC*HC:H0035*1500*511*0912~DTM*472*20260617~CAS*CO*45*939~CAS*PR*3*50~REF*6R*CX157081X67738.002~AMT*B6*561~SVC*HC:H0035*1500*511*0912~DTM*472*20260618~CAS*CO*45*939~CAS*PR*3*50~REF*6R*CX157081X67739.001~AMT*B6*561~SVC*HC:H0035*1500*511*0912~DTM*472*20260619~CAS*CO*45*939~CAS*PR*3*50~REF*6R*CX157081X67740.004~AMT*B6*561~SE*53*000000001~GE*1*795205573~IEA*1*795205573~