ISA*00*          *00*          *ZZ*CHC            *ZZ*00962249       *260701*0617*^*00501*941408113*0*P*:~GS*HP*CHC*00962249*20260701*06170900*941408113*X*005010X221A1~ST*835*000000001~BPR*I*4380*C*ACH*CCP*01*031100209*DA*0000009108*1066033492**01*121000248*DA*4122170038*20260706~TRN*1*826182000214428*1066033492~REF*EV*133052274~DTM*405*20260701~N1*PR*AETNA~N3*151 FARMINGTON AVENUE~N4*HARTFORD*CT*06156~REF*2U*60054~PER*BL*PROVIDER SERVICE~N1*PE*THE RENFREW CENTER OF MASSACHUSETTS, LLC*XX*1346674215~N3*PO BOX 713700~N4*PHILADELPHIA*PA*191713700~REF*PQ*046923740~REF*TJ*463400788~LX*1~TS3*1346674215*11*20261231*2*10500~CLP*CX157085X3*1*7500*3000**12*E2617605170000*13*2~NM1*QC*1*MARZKE*CASSANDRA****MI*W287955595~REF*1L*0711110-036-00101-UE~REF*CE*PPO-MEDICAL NET 00124~DTM*232*20260615~DTM*233*20260619~DTM*050*20260625~PER*CX**TE*8886323862~AMT*AU*7500~SVC*HC:H0035*1500*600**1~DTM*472*20260615~CAS*CO*45*900~REF*6R*CX157085X67736.002~AMT*B6*600~SVC*HC:H0035*1500*600**1~DTM*472*20260616~CAS*CO*45*900~REF*6R*CX157085X67737.003~AMT*B6*600~SVC*HC:H0035*1500*600**1~DTM*472*20260617~CAS*CO*45*900~REF*6R*CX157085X67738.002~AMT*B6*600~SVC*HC:H0035*1500*600**1~DTM*472*20260618~CAS*CO*45*900~REF*6R*CX157085X67739.002~AMT*B6*600~SVC*HC:H0035*1500*600**1~DTM*472*20260619~CAS*CO*45*900~REF*6R*CX157085X67740.004~AMT*B6*600~CLP*CX157086X1*1*3000*1380**12*E2617605240000*13*3~NM1*QC*1*STEPHENS*MIA****MI*W281493469~REF*1L*0711110-036-00101-UE~REF*CE*PPO-MEDICAL NET 00124~DTM*232*20260615~DTM*233*20260618~DTM*050*20260625~PER*CX**TE*8886323862~AMT*AU*3000~SVC*HC:S9480*750*345**1~DTM*472*20260615~CAS*CO*45*405~REF*6R*CX157086X67736.002~AMT*B6*345~SVC*HC:S9480*750*345**1~DTM*472*20260616~CAS*CO*45*405~REF*6R*CX157086X67737.002~AMT*B6*345~SVC*HC:S9480*750*345**1~DTM*472*20260617~CAS*CO*45*405~REF*6R*CX157086X67738.002~AMT*B6*345~SVC*HC:S9480*750*345**1~DTM*472*20260618~CAS*CO*45*405~REF*6R*CX157086X67739.002~AMT*B6*345~SE*81*000000001~GE*1*941408113~IEA*1*941408113~