ISA*00*          *00*          *ZZ*CHC            *ZZ*00962249       *260602*0819*^*00501*432807168*0*P*:~GS*HP*CHC*00962249*20260602*08190700*432807168*X*005010X221A1~ST*835*000000001~BPR*H*0*C*NON************20260602~TRN*1*260602190044263*1591031071~REF*EV*133052274~REF*F2*PM~DTM*405*20260602~N1*PR*CIGNA HEALTH AND LIFE INSURANCE COMPANY~N3*P.O. BOX 182223~N4*CHATTANOOGA*TN*374227223~REF*2U*62308~PER*BL*EDI HELP DESK*TE*8008103388~N1*PE*RENFREW CTR OF MD*XX*1093940405~N3*PO BOX 713700~N4*PHILADELPHIA*PA*191713700~REF*TJ*264628647~LX*1~TS3*1093940405*13*20261231*1*2250~CLP*CX155872X1*1*2250*0*1149*13*9672614791547*13*3~NM1*QC*1*BETZ*SASHA****MI*81843686902~NM1*IL*1*BETZ*JUSTIN****MI*81843686901~REF*1L*3331238~REF*CE*OPEN ACCESS PLUS~REF*EA*IDX135192X5~REF*G1*NO AUTHORIZATION REQUIRED~DTM*050*20260527~DTM*232*20260518~DTM*233*20260521~PER*CX*MEMBER SERVICES*TE*8002446224~AMT*AU*1149~SVC*HC:S9480*750*0*0905***1~DTM*150*20260518~DTM*151*20260518~CAS*CO*45*367~CAS*PR*1*383~REF*6R*CX155872X67708.001~AMT*B6*383~SVC*HC:S9480*750*0*0905***1~DTM*150*20260520~DTM*151*20260520~CAS*CO*45*367~CAS*PR*1*383~REF*6R*CX155872X67710.001~AMT*B6*383~SVC*HC:S9480*750*0*0905***1~DTM*150*20260521~DTM*151*20260521~CAS*CO*45*367~CAS*PR*1*383~REF*6R*CX155872X67711.001~AMT*B6*383~SE*51*000000001~GE*1*432807168~IEA*1*432807168~