ISA*00*          *00*          *ZZ*CHC            *ZZ*00962249       *260630*0620*^*00501*877211165*0*P*:~GS*HP*CHC*00962249*20260630*06202000*877211165*X*005010X221A1~ST*835*000000001~BPR*I*38185.6*C*ACH*CCP*01*011900445*DA*0000009046*1066033492**01*121000248*DA*4122170038*20260703~TRN*1*826181000335829*1066033492~REF*EV*133052274~DTM*405*20260630~N1*PR*AETNA~N3*151 FARMINGTON AVENUE~N4*HARTFORD*CT*06156~REF*2U*60054~PER*BL*PROVIDER SERVICE~N1*PE*THE RENFREW CENTER OF PHILADELPHIA LLC*XX*1417971904~N3*PO BOX 713700~N4*PHILADELPHIA*PA*191713700~REF*PQ*182224660~REF*TJ*200994813~LX*1~TS3*1417971904*22*20261231*1*7500~CLP*CX156936X1*1*7500*3265**13*E5ADVK7JT0000*13*3~NM1*QC*1*STANTON*CARRIE~NM1*IL*1*STANTON*KIMBERLY****MI*W280373806~NM1*82*2*THE RENFREW CENTER OF PITTSBURGH*****XX*1417971904~REF*G1*074954934~REF*1L*0283903-011-00024-EC~REF*CE*AETNA CHOICE  POS II NET 02152~DTM*232*20260615~DTM*233*20260619~DTM*050*20260624~PER*CX**TE*8886323862~AMT*AU*7500~SVC*HC:H0035*1500*653*0912*1~DTM*472*20260615~CAS*CO*45*847~REF*6R*CX156936X67736.004~AMT*B6*653~SVC*HC:H0035*1500*653*0912*1~DTM*472*20260616~CAS*CO*45*847~REF*6R*CX156936X67737.005~AMT*B6*653~SVC*HC:H0035*1500*653*0912*1~DTM*472*20260617~CAS*CO*45*847~REF*6R*CX156936X67738.002~AMT*B6*653~SVC*HC:H0035*1500*653*0912*1~DTM*472*20260618~CAS*CO*45*847~REF*6R*CX156936X67739.002~AMT*B6*653~SVC*HC:H0035*1500*653*0912*1~DTM*472*20260619~CAS*CO*45*847~REF*6R*CX156936X67740.003~AMT*B6*653~LX*2~TS3*1417971904*22*20261231*2*15000~CLP*CX156914X1*1*7500*3265**13*EVADVK4FT0000*13*3~NM1*QC*1*GIBNEY-KRASHEN*ALEXIS~NM1*IL*1*KRASHEN*DANIEL****MI*W280817439~NM1*82*2*THE RENFREW CENTER OF PENNSYLVANIA,*****XX*1417971904~REF*G1*075005468~REF*1L*0811778-020-00002- E~REF*CE*AETNA CHOICE  POS II NET 00408~DTM*232*20260615~DTM*233*20260619~DTM*050*20260624~PER*CX**TE*8886323862~AMT*AU*7500~SVC*HC:H0035*1500*653*0912*1~DTM*472*20260615~CAS*CO*45*847~REF*6R*CX156914X67736.004~AMT*B6*653~SVC*HC:H0035*1500*653*0912*1~DTM*472*20260616~CAS*CO*45*847~REF*6R*CX156914X67737.004~AMT*B6*653~SVC*HC:H0035*1500*653*0912*1~DTM*472*20260617~CAS*CO*45*847~REF*6R*CX156914X67738.004~AMT*B6*653~SVC*HC:H0035*1500*653*0912*1~DTM*472*20260618~CAS*CO*45*847~REF*6R*CX156914X67739.004~AMT*B6*653~SVC*HC:H0035*1500*653*0912*1~DTM*472*20260619~CAS*CO*45*847~REF*6R*CX156914X67740.004~AMT*B6*653~CLP*CX156915X2*1*7500*3265**13*EYFDVK3750000*13*3~NM1*QC*1*COHEN*SAMARA~NM1*IL*1*COHEN*EDAN****MI*0000196210~NM1*74*1******C*W293722774~NM1*82*2*THE RENFREW CENTER OF PENNSYLVANIA,*****XX*1417971904~REF*G1*075005093~REF*1L*0697478-013-00001-EB~REF*CE*AETNA CHOICE  POS II NET 00408~DTM*232*20260615~DTM*233*20260619~DTM*050*20260624~PER*CX**TE*8886323862~AMT*AU*7500~SVC*HC:H0035*1500*653*0912*1~DTM*472*20260615~CAS*CO*45*847~REF*6R*CX156915X67736.004~AMT*B6*653~SVC*HC:H0035*1500*653*0912*1~DTM*472*20260616~CAS*CO*45*847~REF*6R*CX156915X67737.004~AMT*B6*653~SVC*HC:H0035*1500*653*0912*1~DTM*472*20260617~CAS*CO*45*847~REF*6R*CX156915X67738.004~AMT*B6*653~SVC*HC:H0035*1500*653*0912*1~DTM*472*20260618~CAS*CO*45*847~REF*6R*CX156915X67739.005~AMT*B6*653~SVC*HC:H0035*1500*653*0912*1~DTM*472*20260619~CAS*CO*45*847~REF*6R*CX156915X67740.003~AMT*B6*653~LX*3~TS3*1417971904*22*20261231*3*18000~CLP*CX156919X2*1*3750*1790**13*EZTYVK36F0000*13*3~NM1*QC*1*LEVY*RACHEL~NM1*82*2*THE RENFREW CENTER OF PENNSYLVANIA,*****XX*1417971904~REF*1L*0477278-012-00701-BB~REF*CE*AETNA CHOICE  POS II NET 00408~DTM*232*20260615~DTM*233*20260619~DTM*050*20260624~PER*CX**TE*8886323862~AMT*AU*3750~SVC*HC:S9480*750*358*0905*1~DTM*472*20260615~CAS*CO*45*392~REF*6R*CX156919X67736.001~AMT*B6*358~SVC*HC:S9480*750*358*0905*1~DTM*472*20260616~CAS*CO*45*392~REF*6R*CX156919X67737.001~AMT*B6*358~SVC*HC:S9480*750*358*0905*1~DTM*472*20260617~CAS*CO*45*392~REF*6R*CX156919X67738.001~AMT*B6*358~SVC*HC:S9480*750*358*0905*1~DTM*472*20260618~CAS*CO*45*392~REF*6R*CX156919X67739.001~AMT*B6*358~SVC*HC:S9480*750*358*0905*1~DTM*472*20260619~CAS*CO*45*392~REF*6R*CX156919X67740.002~AMT*B6*358~CLP*CX156927X1*1*7500*3265**12*EZ37VK35Z0000*13*3~NM1*QC*1*DILLEN*SHAYLEE****MI*W286904557~NM1*82*2*THE RENFREW CENTER OF PENNSYLVANIA,*****XX*1417971904~REF*1L*0878581-012-00002-PQ~REF*CE*OPEN CHOICE NET 00140~DTM*232*20260615~DTM*233*20260619~DTM*050*20260624~PER*CX**TE*8886323862~AMT*AU*7500~SVC*HC:H0035:95*1500*653*0912*1~DTM*472*20260615~CAS*CO*45*847~REF*6R*CX156927X67736.003~AMT*B6*653~SVC*HC:H0035:95*1500*653*0912*1~DTM*472*20260616~CAS*CO*45*847~REF*6R*CX156927X67737.002~AMT*B6*653~SVC*HC:H0035:95*1500*653*0912*1~DTM*472*20260617~CAS*CO*45*847~REF*6R*CX156927X67738.003~AMT*B6*653~SVC*HC:H0035:95*1500*653*0912*1~DTM*472*20260618~CAS*CO*45*847~REF*6R*CX156927X67739.002~AMT*B6*653~SVC*HC:H0035:95*1500*653*0912*1~DTM*472*20260619~CAS*CO*45*847~REF*6R*CX156927X67740.002~AMT*B6*653~CLP*CX156918X1*1*6750*3222**13*E0Y2VK5ZL0000*13*1~NM1*QC*1*GAGLIOTI*BRIEANA****MI*000063385~NM1*82*2*THE RENFREW CENTER OF PENNSYLVANIA,*****XX*1417971904~REF*1L*0697478-014-00001-EC~REF*CE*AETNA CHOICE  POS II NET 00408~DTM*232*20260603~DTM*233*20260619~DTM*050*20260624~PER*CX**TE*8886323862~AMT*AU*6750~SVC*HC:S9480*750*358*0905*1~DTM*472*20260603~CAS*CO*45*392~REF*6R*CX156918X67724.001~AMT*B6*358~SVC*HC:S9480*750*358*0905*1~DTM*472*20260604~CAS*CO*45*392~REF*6R*CX156918X67725.001~AMT*B6*358~SVC*HC:S9480*750*358*0905*1~DTM*472*20260605~CAS*CO*45*392~REF*6R*CX156918X67726.001~AMT*B6*358~SVC*HC:S9480*750*358*0905*1~DTM*472*20260610~CAS*CO*45*392~REF*6R*CX156918X67731.001~AMT*B6*358~SVC*HC:S9480*750*358*0905*1~DTM*472*20260611~CAS*CO*45*392~REF*6R*CX156918X67732.002~AMT*B6*358~SVC*HC:S9480*750*358*0905*1~DTM*472*20260612~CAS*CO*45*392~REF*6R*CX156918X67733.001~AMT*B6*358~SVC*HC:S9480*750*358*0905*1~DTM*472*20260617~CAS*CO*45*392~REF*6R*CX156918X67738.001~AMT*B6*358~SVC*HC:S9480*750*358*0905*1~DTM*472*20260618~CAS*CO*45*392~REF*6R*CX156918X67739.001~AMT*B6*358~SVC*HC:S9480*750*358*0905*1~DTM*472*20260619~CAS*CO*45*392~REF*6R*CX156918X67740.002~AMT*B6*358~LX*4~TS3*1417971904*55*20261231*3*54000~CLP*CX156883X4*1*21000*5857.6*3214.4*13*E1JNVP3HC0000*11*2~NM1*QC*1*LI*ANNA~NM1*IL*1*ZHOU*CHUNLING****MI*W500716003~NM1*82*2*THE RENFREW CENTER OF PENNSYLVANIA*****XX*1417971904~REF*G1*075029404~REF*1L*0192643-011-00001- L~REF*CE*AETNA CHOICE  POS II NET 00408~DTM*232*20260615~DTM*233*20260621~DTM*050*20260624~PER*CX**TE*8886323862~AMT*AU*21000~SVC*NU:0124*3000*0**1*NU:1001~DTM*472*20260615~CAS*CO*45*1704~CAS*PR*1*1296~REF*6R*CX156883X67736.004~AMT*B6*1296~SVC*NU:0124*3000*673.6**1*NU:1001~DTM*472*20260616~CAS*CO*45*1704~CAS*PR*1*454**2*168.4~REF*6R*CX156883X67737.002~AMT*B6*1296~SVC*NU:0124*3000*1036.8**1*NU:1001~DTM*472*20260617~CAS*CO*45*1704~CAS*PR*2*259.2~REF*6R*CX156883X67738.004~AMT*B6*1296~SVC*NU:0124*3000*1036.8**1*NU:1001~DTM*472*20260618~CAS*CO*45*1704~CAS*PR*2*259.2~REF*6R*CX156883X67739.005~AMT*B6*1296~SVC*NU:0124*3000*1036.8**1*NU:1001~DTM*472*20260619~CAS*CO*45*1704~CAS*PR*2*259.2~REF*6R*CX156883X67740.004~AMT*B6*1296~SVC*NU:0124*3000*1036.8**1*NU:1001~DTM*472*20260620~CAS*CO*45*1704~CAS*PR*2*259.2~REF*6R*CX156883X67741.003~AMT*B6*1296~SVC*NU:0124*3000*1036.8**1*NU:1001~DTM*472*20260621~CAS*CO*45*1704~CAS*PR*2*259.2~REF*6R*CX156883X67742.002~AMT*B6*1296~CLP*CX156881X2*1*21000*9072**13*E3ADVPX9S0000*11*3~NM1*QC*1*LOWE*ARIANA~NM1*IL*1*LOWE*ANTHONY****MI*W271676428~NM1*82*2*THE RENFREW CENTER OF PENNSYLVANIA*****XX*1417971904~REF*G1*074871521~REF*1L*0192643-010-00001- E~REF*CE*AETNA CHOICE  POS II NET 00408~DTM*232*20260615~DTM*233*20260621~DTM*050*20260624~PER*CX**TE*8886323862~AMT*AU*21000~SVC*NU:0124*3000*1296**1*NU:1001~DTM*472*20260615~CAS*CO*45*1704~REF*6R*CX156881X67736.003~AMT*B6*1296~SVC*NU:0124*3000*1296**1*NU:1001~DTM*472*20260616~CAS*CO*45*1704~REF*6R*CX156881X67737.004~AMT*B6*1296~SVC*NU:0124*3000*1296**1*NU:1001~DTM*472*20260617~CAS*CO*45*1704~REF*6R*CX156881X67738.005~AMT*B6*1296~SVC*NU:0124*3000*1296**1*NU:1001~DTM*472*20260618~CAS*CO*45*1704~REF*6R*CX156881X67739.003~AMT*B6*1296~SVC*NU:0124*3000*1296**1*NU:1001~DTM*472*20260619~CAS*CO*45*1704~REF*6R*CX156881X67740.002~AMT*B6*1296~SVC*NU:0124*3000*1296**1*NU:1001~DTM*472*20260620~CAS*CO*45*1704~REF*6R*CX156881X67741.001~AMT*B6*1296~SVC*NU:0124*3000*1296**1*NU:1001~DTM*472*20260621~CAS*CO*45*1704~REF*6R*CX156881X67742.001~AMT*B6*1296~CLP*CX156880X1*1*12000*5184**13*E4FDVK3YZ0000*11*2~NM1*QC*1*MUIR*ERICA****MI*W294006234~NM1*82*2*THE RENFREW CENTER OF PENNSYLVANIA*****XX*1417971904~REF*G1*075071924~REF*1L*0868404-030-00001- N~REF*CE*AETNA CHOICE  POS II NET 00408~DTM*232*20260618~DTM*233*20260621~DTM*050*20260624~PER*CX**TE*8886323862~AMT*AU*12000~SVC*NU:0124*3000*1296**1*NU:1001~DTM*472*20260618~CAS*CO*45*1704~REF*6R*CX156880X67739.004~AMT*B6*1296~SVC*NU:0124*3000*1296**1*NU:1001~DTM*472*20260619~CAS*CO*45*1704~REF*6R*CX156880X67740.003~AMT*B6*1296~SVC*NU:0124*3000*1296**1*NU:1001~DTM*472*20260620~CAS*CO*45*1704~REF*6R*CX156880X67741.001~AMT*B6*1296~SVC*NU:0124*3000*1296**1*NU:1001~DTM*472*20260621~CAS*CO*45*1704~REF*6R*CX156880X67742.003~AMT*B6*1296~SE*393*000000001~GE*1*877211165~IEA*1*877211165~