ISA*00*          *00*          *ZZ*CHC            *ZZ*00962249       *260617*1423*^*00501*905206599*0*P*:~GS*HP*CHC*00962249*20260617*14232400*905206599*X*005010X221A1~ST*835*000000001~BPR*I*7420.1*C*ACH*CCP*01*043301627*DA*1069954659C*1341858379**01*121000248*DA*4122170038*20260622~TRN*1*1250696477*1341858379~DTM*405*20260617~N1*PR*INDEPENDENCE ADMINISTRATORS~N3*PO BOX 21974~N4*EAGAN*MN*55121~REF*2U*SX055~PER*CX*EDI SUPPORT TEAM*FX*4408355656*TE*4408353511~PER*BL*EDI SUPPORT TEAM~N1*PE*PA THE RENFREW CENTERS*XX*1417971904~N3*PO BOX 823700~N4*PHILADELPHIA*PA*19182~REF*TJ*200994813~LX*1~CLP*CX154155X1*1*7500*1675**ZZ*2026104021016*13*3~NM1*QC*1*WINIKOFF*SARAH****MI*2068145500~NM1*IL*1*WINIKOFF*STEPHEN****MI*2068145500~REF*CE*901977970~DTM*232*20260406~DTM*233*20260410~DTM*050*20260611~PER*CX**TE*4408353511~AMT*AU*1675~SVC*NU:0912*1500*335**1**0~DTM*472*20260406~CAS*CO*45*1165*1~REF*6R*CX154155X67666.004~AMT*B6*335~SVC*NU:0912*1500*335**1**0~DTM*472*20260407~CAS*CO*45*1165*1~REF*6R*CX154155X67667.002~AMT*B6*335~SVC*NU:0912*1500*335**1**0~DTM*472*20260408~CAS*CO*45*1165*1~REF*6R*CX154155X67668.003~AMT*B6*335~SVC*NU:0912*1500*335**1**0~DTM*472*20260409~CAS*CO*45*1165*1~REF*6R*CX154155X67669.004~AMT*B6*335~SVC*NU:0912*1500*335**1**0~DTM*472*20260410~CAS*CO*45*1165*1~REF*6R*CX154155X67670.004~AMT*B6*335~CLP*CX155962X1*1*15000*5745.1*1359.9*ZZ*2026155048529*11*2~NM1*QC*1*LAMPMAN*ALEXIS****MI*1249585000~NM1*IL*1*JOHNSON*STACEY****MI*1249585000~REF*CE*901941827~DTM*232*20260527~DTM*233*20260531~DTM*050*20260611~PER*CX**TE*4408353511~AMT*AU*7105~SVC*NU:1001*3000*629.5**1**0~DTM*472*20260527~CAS*CO*45*1579*1~CAS*PR*2*69.94*1*1*721.56*1~REF*6R*CX155962X67717.004~AMT*B6*1421~SVC*NU:1001*3000*1278.9**1**0~DTM*472*20260528~CAS*CO*45*1579*1~CAS*PR*2*142.1*1~REF*6R*CX155962X67718.003~AMT*B6*1421~SVC*NU:1001*3000*1278.9**1**0~DTM*472*20260529~CAS*CO*45*1579*1~CAS*PR*2*142.1*1~REF*6R*CX155962X67719.003~AMT*B6*1421~SVC*NU:1001*3000*1278.9**1**0~DTM*472*20260530~CAS*CO*45*1579*1~CAS*PR*2*142.1*1~REF*6R*CX155962X67720.002~AMT*B6*1421~SVC*NU:1001*3000*1278.9**1**0~DTM*472*20260531~CAS*CO*45*1579*1~CAS*PR*2*142.1*1~REF*6R*CX155962X67721.002~AMT*B6*1421~SE*89*000000001~GE*1*905206599~IEA*1*905206599~