ISA*00*          *00*          *ZZ*CHC            *ZZ*00962249       *260606*0817*^*00501*773005349*0*P*:~GS*HP*CHC*00962249*20260606*08171900*773005349*X*005010X221A1~ST*835*000000001~BPR*I*4515*C*ACH*CCP*01*004401195*DA*0000070420*1411648670**01*121000248*DA*4122170038*20260608~TRN*1*260604090048489*1411648670~REF*EV*133052274~REF*F2*PM~DTM*405*20260605~N1*PR*EVERNORTH BEHAVIORAL HEALTH, INC.~N3*P.O. BOX 182223~N4*CHATTANOOGA*TN*374227223~REF*2U*62308~PER*BL*EDI HELP DESK*TE*8008103388~N1*PE*RENFREW CTR OF PA*XX*1417971904~N3*PO BOX 713700~N4*PHILADELPHIA*PA*191713700~REF*TJ*200994813~LX*1~TS3*1417971904*13*20261231*3*9750~CLP*CX156007X1*1*1500*702**13*9682615424874*13*3~NM1*QC*1*MITCHELL*MARGARET****MI*U0201974302~NM1*IL*1*MITCHELL*JOSHUA****MI*U0201974301~REF*1L*3346483~REF*CE*OPEN ACCESS PLUS~REF*EA*IDX135379X3~REF*G1*NO AUTH REQUIRED~DTM*050*20260603~DTM*232*20260527~DTM*233*20260529~PER*CX*MEMBER SERVICES*TE*8002446224~AMT*AU*702~SVC*HC:S9480*750*351*0905*1~DTM*150*20260527~DTM*151*20260527~CAS*CO*45*399~REF*6R*CX156007X67717.002~AMT*B6*351~SVC*HC:S9480*750*351*0905*1~DTM*150*20260529~DTM*151*20260529~CAS*CO*45*399~REF*6R*CX156007X67719.001~AMT*B6*351~CLP*CX155780X1*1*2250*1053**13*9682615424873*13*2~NM1*QC*1*MITCHELL*MARGARET****MI*U0201974302~NM1*IL*1*MITCHELL*JOSHUA****MI*U0201974301~REF*1L*3346483~REF*CE*OPEN ACCESS PLUS~REF*EA*IDX135379X3~REF*G1*NO AUTH REQUIRED~DTM*050*20260603~DTM*232*20260518~DTM*233*20260522~PER*CX*MEMBER SERVICES*TE*8002446224~AMT*AU*1053~SVC*HC:S9480*750*351*0905*1~DTM*150*20260518~DTM*151*20260518~CAS*CO*45*399~REF*6R*CX155780X67708.001~AMT*B6*351~SVC*HC:S9480*750*351*0905*1~DTM*150*20260520~DTM*151*20260520~CAS*CO*45*399~REF*6R*CX155780X67710.002~AMT*B6*351~SVC*HC:S9480*750*351*0905*1~DTM*150*20260522~DTM*151*20260522~CAS*CO*45*399~REF*6R*CX155780X67712.001~AMT*B6*351~CLP*CX156006X1*1*6000*2760**13*4682615497111*13*3~NM1*QC*1*RUARK*EVA****MI*U8142306703~NM1*IL*1*RUARK*BRIAN****MI*U8142306701~REF*1L*3334085~REF*CE*OPEN ACCESS PLUS~REF*EA*IDX135468X7~DTM*050*20260603~DTM*232*20260526~DTM*233*20260529~PER*CX*MEMBER SERVICES*TE*8002446224~AMT*AU*2760~SVC*HC:H0035*1500*690*0912*1~DTM*150*20260526~DTM*151*20260526~CAS*CO*45*810~REF*6R*CX156006X67716.001~AMT*B6*690~SVC*HC:H0035*1500*690*0912*1~DTM*150*20260527~DTM*151*20260527~CAS*CO*45*810~REF*6R*CX156006X67717.001~AMT*B6*690~SVC*HC:H0035*1500*690*0912*1~DTM*150*20260528~DTM*151*20260528~CAS*CO*45*810~REF*6R*CX156006X67718.002~AMT*B6*690~SVC*HC:H0035*1500*690*0912*1~DTM*150*20260529~DTM*151*20260529~CAS*CO*45*810~REF*6R*CX156006X67719.001~AMT*B6*690~SE*107*000000001~GE*1*773005349~IEA*1*773005349~