ISA*00*          *00*          *ZZ*CHC            *ZZ*00962249       *260720*0612*^*00501*571005759*0*P*:~GS*HP*CHC*00962249*20260720*06124500*571005759*X*005010X221A1~ST*835*000000001~BPR*I*630*C*ACH*CCP*01*011900445*DA*0000009046*1066033492**01*121000248*DA*4122170038*20260723~TRN*1*826201000181374*1066033492~REF*EV*133052274~DTM*405*20260720~N1*PR*AETNA~N3*151 FARMINGTON AVENUE~N4*HARTFORD*CT*06156~REF*2U*60054~PER*BL*PROVIDER SERVICE~N1*PE*THE RENFREW CENTER OF GEORGIA, LLC*XX*1225373145~N3*PO BOX 713700~N4*PHILADELPHIA*PA*191713700~REF*PQ*774305720~REF*TJ*461429049~LX*1~TS3*1225373145*22*20261231*1*1500~CLP*CX158186X1*1*1500*630**13*E537V30PJ0000*13*3~NM1*QC*1*WISE*HANNA****MI*W278883664~REF*1L*0476537-017-00001- H~REF*CE*AETNA CHOICE  POS II NET 00393~DTM*232*20260707~DTM*233*20260708~DTM*050*20260716~PER*CX**TE*8886323862~AMT*AU*1500~SVC*HC:S9480:95*750*315*0905*1~DTM*472*20260707~CAS*CO*45*435~REF*6R*CX158186X67758.002~AMT*B6*315~SVC*HC:S9480:95*750*315*0905*1~DTM*472*20260708~CAS*CO*45*435~REF*6R*CX158186X67759.001~AMT*B6*315~SE*37*000000001~GE*1*571005759~IEA*1*571005759~