ISA*00*          *00*          *ZZ*CHC            *ZZ*00962249       *260616*0818*^*00501*739605621*0*P*:~GS*HP*CHC*00962249*20260616*08185900*739605621*X*005010X221A1~ST*835*000000001~BPR*H*0*C*NON************20260616~TRN*1*260616190042291*1591031071~REF*EV*133052274~REF*F2*PM~DTM*405*20260616~N1*PR*CIGNA HEALTH AND LIFE INSURANCE COMPANY~N3*P.O. BOX 182223~N4*CHATTANOOGA*TN*374227223~REF*2U*62308~PER*BL*EDI HELP DESK*TE*8008103388~N1*PE*RENFREW CTR OF MD*XX*1093940405~N3*PO BOX 713700~N4*PHILADELPHIA*PA*191713700~REF*TJ*264628647~LX*1~TS3*1093940405*13*20261231*1*2250~CLP*CX156544X2*1*2250*0*1149*13*9672616297378*13*3~NM1*QC*1*BETZ*SASHA****MI*81843686902~NM1*IL*1*BETZ*JUSTIN****MI*81843686901~REF*1L*3331238~REF*CE*OPEN ACCESS PLUS~REF*EA*IDX135192X5~REF*G1*NO AUTHORIZATION REQUIRED~DTM*050*20260611~DTM*232*20260601~DTM*233*20260604~PER*CX*MEMBER SERVICES*TE*8002446224~AMT*AU*1149~SVC*HC:S9480*750*0*0905***1~DTM*150*20260601~DTM*151*20260601~CAS*CO*45*367~CAS*PR*1*383~REF*6R*CX156544X67722.002~AMT*B6*383~SVC*HC:S9480*750*0*0905***1~DTM*150*20260603~DTM*151*20260603~CAS*CO*45*367~CAS*PR*1*383~REF*6R*CX156544X67724.001~AMT*B6*383~SVC*HC:S9480*750*0*0905***1~DTM*150*20260604~DTM*151*20260604~CAS*CO*45*367~CAS*PR*1*383~REF*6R*CX156544X67725.002~AMT*B6*383~SE*51*000000001~ST*835*000000002~BPR*I*4180*C*ACH*CCP*01*004401195*DA*0000070420*1411648670**01*121000248*DA*4122170038*20260617~TRN*1*260613090044266*1411648670~REF*EV*133052274~REF*F2*PM~DTM*405*20260614~N1*PR*EVERNORTH BEHAVIORAL HEALTH, INC.~N3*P.O. BOX 182223~N4*CHATTANOOGA*TN*374227223~REF*2U*62308~PER*BL*EDI HELP DESK*TE*8008103388~N1*PE*RENFREW CTR OF MD*XX*1093940405~N3*PO BOX 713700~N4*PHILADELPHIA*PA*191713700~REF*TJ*264628647~LX*1~TS3*1093940405*13*20261231*3*8250~CLP*CX156543X1*1*2250*1149**13*9682616231335*13*3~NM1*QC*1*HALSTED*PAIGE****MI*U9669875603~NM1*IL*1*OLSON*ANGELA****MI*U9669875601~REF*1L*3341266~REF*CE*OPEN ACCESS PLUS~REF*EA*IDX135077X4~DTM*050*20260611~DTM*232*20260603~DTM*233*20260605~PER*CX*MEMBER SERVICES*TE*8002446224~AMT*AU*1149~SVC*HC:S9480*750*383*0905*1~DTM*150*20260603~DTM*151*20260603~CAS*CO*45*367~REF*6R*CX156543X67724.002~AMT*B6*383~SVC*HC:S9480*750*383*0905*1~DTM*150*20260604~DTM*151*20260604~CAS*CO*45*367~REF*6R*CX156543X67725.001~AMT*B6*383~SVC*HC:S9480*750*383*0905*1~DTM*150*20260605~DTM*151*20260605~CAS*CO*45*367~REF*6R*CX156543X67726.002~AMT*B6*383~CLP*CX156545X3*1*1500*766**13*4682616217755*13*3~NM1*QC*1*HARRIS*AMY*S***MI*U8420039801~REF*1L*3210388~REF*CE*OPEN ACCESS PLUS IN-NETWORK~REF*EA*IDX135381X4~REF*G1*NO AUTH REQUIRED~DTM*050*20260611~DTM*232*20260603~DTM*233*20260604~PER*CX*MEMBER SERVICES*TE*8002446224~AMT*AU*766~SVC*HC:S9480*750*383*0905*1~DTM*150*20260603~DTM*151*20260603~CAS*CO*45*367~REF*6R*CX156545X67724.001~AMT*B6*383~SVC*HC:S9480*750*383*0905*1~DTM*150*20260604~DTM*151*20260604~CAS*CO*45*367~REF*6R*CX156545X67725.002~AMT*B6*383~CLP*CX156542X1*1*4500*2265**13*8432616207623*13*3~NM1*QC*1*MORROW*ZOE****MI*U3877860303~NM1*IL*1*MORROW*DEREK****MI*U3877860301~REF*1L*3339276~REF*CE*OPEN ACCESS PLUS IN-NETWORK~REF*EA*IDX133004X11~REF*G1*NO AUTH REQ~DTM*050*20260611~DTM*232*20260601~DTM*233*20260603~PER*CX*MEMBER SERVICES*TE*8002446224~AMT*AU*2265~SVC*HC:H0035*1500*755*0912*1~DTM*150*20260601~DTM*151*20260601~CAS*CO*45*745~REF*6R*CX156542X67722.003~AMT*B6*755~SVC*HC:H0035*1500*755*0912*1~DTM*150*20260602~DTM*151*20260602~CAS*CO*45*745~REF*6R*CX156542X67723.001~AMT*B6*755~SVC*HC:H0035*1500*755*0912*1~DTM*150*20260603~DTM*151*20260603~CAS*CO*45*745~REF*6R*CX156542X67724.001~AMT*B6*755~SE*100*000000002~GE*2*739605621~IEA*1*739605621~