ISA*00*          *00*          *ZZ*CHC            *ZZ*00962249       *260714*0855*^*00501*953205598*0*P*:~GS*HP*CHC*00962249*20260714*08553200*953205598*X*005010X221A1~ST*835*000000001~BPR*H*0*C*NON************20260714~TRN*1*260714190044321*1591031071~REF*EV*133052274~REF*F2*PM~DTM*405*20260714~N1*PR*CIGNA HEALTH AND LIFE INSURANCE COMPANY~N3*P.O. BOX 182223~N4*CHATTANOOGA*TN*374227223~REF*2U*62308~PER*BL*EDI HELP DESK*TE*8008103388~N1*PE*RENFREW CTR OF MD*XX*1093940405~N3*PO BOX 713700~N4*PHILADELPHIA*PA*191713700~REF*TJ*264628647~LX*1~TS3*1093940405*13*20261231*1*4500~CLP*CX149051X1*4*4500*0**13*8682618996934*13*3~NM1*QC*1*ST CLAIR*MELISSA*N***MI*U4825799501~REF*1L*3216080~REF*CE*OPEN ACCESS PLUS~REF*EA*IDX129023X4~REF*G1*NO AUTH REQUIRED~DTM*050*20260708~DTM*232*20251203~DTM*233*20251205~PER*CX*MEMBER SERVICES*TE*8002446224~SVC*HC:H0035*1500*0*0912***1~DTM*150*20251203~DTM*151*20251203~CAS*CO*29*1500~REF*6R*188341209624556001~SVC*HC:H0035*1500*0*0912***1~DTM*150*20251204~DTM*151*20251204~CAS*CO*29*1500~REF*6R*188341209624556002~SVC*HC:H0035*1500*0*0912***1~DTM*150*20251205~DTM*151*20251205~CAS*CO*29*1500~REF*6R*188341209624556003~SE*43*000000001~ST*835*000000002~BPR*H*0*C*NON************20260714~TRN*1*260714190087972*1411648670~REF*EV*133052274~REF*F2*PM~DTM*405*20260714~N1*PR*EVERNORTH BEHAVIORAL HEALTH, INC.~N3*P.O. BOX 182223~N4*CHATTANOOGA*TN*374227223~REF*2U*62308~PER*BL*EDI HELP DESK*TE*8008103388~N1*PE*RENFREW CTR OF MD*XX*1093940405~N3*PO BOX 713700~N4*PHILADELPHIA*PA*191713700~REF*TJ*264628647~LX*1~TS3*1093940405*13*20261231*1*4500~CLP*CX149049X1*4*4500*0**13*9682618900019*13*3~NM1*QC*1*FLORES*MADALYN*A***MI*00009740403~NM1*IL*1*FLORES*NILANHDONE****MI*00009740401~REF*1L*3345160~REF*CE*OPEN ACCESS PLUS IN-NETWORK~REF*EA*IDX119538X11~REF*G1*NO AUTH REQUIRED~DTM*050*20260708~DTM*232*20251203~DTM*233*20251205~PER*CX*MEMBER SERVICES*TE*8002446224~SVC*HC:H0035*1500*0*0912***1~DTM*150*20251203~DTM*151*20251203~CAS*CO*29*1500~REF*6R*188341209598556001~SVC*HC:H0035*1500*0*0912***1~DTM*150*20251204~DTM*151*20251204~CAS*CO*29*1500~REF*6R*188341209598556002~SVC*HC:H0035*1500*0*0912***1~DTM*150*20251205~DTM*151*20251205~CAS*CO*29*1500~REF*6R*188341209598556003~SE*44*000000002~ST*835*000000003~BPR*H*0*C*NON************20260714~TRN*1*260714190031490*1411648670~REF*EV*133052274~REF*F2*PM~DTM*405*20260714~N1*PR*EVERNORTH BEHAVIORAL HEALTH, INC.~N3*P.O. BOX 182223~N4*CHATTANOOGA*TN*374227223~REF*2U*62308~PER*BL*EDI HELP DESK*TE*8008103388~N1*PE*RENFREW CTR OF MD*XX*1093940405~N3*PO BOX 713700~N4*PHILADELPHIA*PA*191713700~REF*TJ*264628647~LX*1~TS3*1093940405*13*20261231*1*6000~CLP*CX149052X2*4*6000*0**13*8432618992772*13*3~NM1*QC*1*YOUNG*ALYSSA*L***MI*U8831047603~NM1*IL*1*YOUNG*JULIA****MI*U8831047601~REF*1L*3329864~REF*CE*OPEN ACCESS PLUS~REF*EA*IDX133975X8~REF*G1*NO AUTH REQUIRED~DTM*050*20260708~DTM*232*20251202~DTM*233*20251205~PER*CX*MEMBER SERVICES*TE*8002446224~SVC*HC:H0035*1500*0*0912***1~DTM*150*20251202~DTM*151*20251202~CAS*CO*29*1500~REF*6R*188341206790556001~SVC*HC:H0035*1500*0*0912***1~DTM*150*20251203~DTM*151*20251203~CAS*CO*29*1500~REF*6R*188341206790556002~SVC*HC:H0035*1500*0*0912***1~DTM*150*20251204~DTM*151*20251204~CAS*CO*29*1500~REF*6R*188341206790556003~SVC*HC:H0035*1500*0*0912***1~DTM*150*20251205~DTM*151*20251205~CAS*CO*29*1500~REF*6R*188341206790556004~SE*49*000000003~ST*835*000000004~BPR*H*0*C*NON************20260714~TRN*1*260714190088422*1411648670~REF*EV*133052274~REF*F2*PM~DTM*405*20260714~N1*PR*EVERNORTH BEHAVIORAL HEALTH, INC.~N3*P.O. BOX 182223~N4*CHATTANOOGA*TN*374227223~REF*2U*62308~PER*BL*EDI HELP DESK*TE*8008103388~N1*PE*RENFREW CTR OF MD*XX*1093940405~N3*PO BOX 713700~N4*PHILADELPHIA*PA*191713700~REF*TJ*264628647~LX*1~TS3*1093940405*13*20261231*1*4500~CLP*CX149050X2*4*4500*0**13*8682618996936*13*3~NM1*QC*1*WARD*NORAH*L***MI*00008168804~NM1*IL*1*WARD*JONATHAN****MI*00008168801~REF*1L*3345160~REF*CE*OPEN ACCESS PLUS IN-NETWORK~REF*EA*IDX134188X7~REF*G1*N/A--NO AUTH REQUIRED~DTM*050*20260708~DTM*232*20251203~DTM*233*20251205~PER*CX*MEMBER SERVICES*TE*8002446224~SVC*HC:H0035*1500*0*0912***1~DTM*150*20251203~DTM*151*20251203~CAS*CO*29*1500~REF*6R*188341209656556001~SVC*HC:H0035*1500*0*0912***1~DTM*150*20251204~DTM*151*20251204~CAS*CO*29*1500~REF*6R*188341209656556002~SVC*HC:H0035*1500*0*0912***1~DTM*150*20251205~DTM*151*20251205~CAS*CO*29*1500~REF*6R*188341209656556003~SE*44*000000004~GE*4*953205598~IEA*1*953205598~