ISA*00*          *00*          *ZZ*CHC            *ZZ*00962249       *260616*0818*^*00501*739607284*0*P*:~GS*HP*CHC*00962249*20260616*08185900*739607284*X*005010X221A1~ST*835*000000001~BPR*I*3591*C*ACH*CCP*01*031000503*DA*2100011521023*1411648670**01*121000248*DA*4122170038*20260617~TRN*1*260612040003551*1411648670~REF*EV*133052274~DTM*405*20260608~N1*PR*EVERNORTH BEHAVIORAL HEALTH~N3*PO BOX 46270~N4*EDEN PRAIRIE*MN*55344~REF*2U*62308~PER*CX*CUSTOMER SERVICE*TE*8009262273~PER*BL*EDI HELP DESK*TE*8008103388~PER*IC**UR*WWW.CIGNAFORHCP.COM~N1*PE*RENFREW CENTER OF FLORIDA, LLC*XX*1912008137~N3*PO BOX 713700~N4*PHILADELPHIA*PA*19171~REF*TJ*200995125~LX*1~TS3*1912008137*11*20261231*1*9000~CLP*CX155798X1*1*9000*3591**13*26154Z1449*11*1~CAS*CO*45*5409~NM1*QC*1*MARSHALL*ALAYNA****MI*U4130007703~NM1*IL*1*MARSHALL*STEVEN****MI*U4130007701~REF*1L*A421332~REF*CE*NETWORK POS DPP1 W/TELEPHONIC~REF*EA*IDX135628X3~REF*G1*262150780~REF*BB*262150780 I~DTM*050*20260603~DTM*232*20260522~DTM*233*20260525~PER*CX*CUSTOMER SERVICE*TE*8009262273~AMT*AU*3591~QTY*CA*3~SVC*NU:1001*3000*3000**1~REF*6R*CX155798X67712.005~REF*0K*A421332~AMT*B6*3591~SVC*NU:1001*3000*3000**1~REF*6R*CX155798X67713.003~REF*0K*A421332~AMT*B6*3591~SVC*NU:1001*3000*3000**1~REF*6R*CX155798X67714.004~REF*0K*A421332~AMT*B6*3591~SE*46*000000001~GE*1*739607284~IEA*1*739607284~