ISA*00*          *00*          *ZZ*CHC            *ZZ*00962249       *260707*0616*^*00501*434005198*0*P*:~GS*HP*CHC*00962249*20260707*06160100*434005198*X*005010X221A1~ST*835*000000001~BPR*H*0*C*NON************20260707~TRN*1*926188000272503*1066033492~REF*EV*133052274~DTM*405*20260707~N1*PR*AETNA~N3*151 FARMINGTON AVENUE~N4*HARTFORD*CT*06156~REF*2U*60054~PER*BL*PROVIDER SERVICE~N1*PE*THE RENFREW CENTER OF PHILADELPHIA LLC*XX*1417971904~N3*PO BOX 713700~N4*PHILADELPHIA*PA*191713700~REF*PQ*182224660~REF*TJ*200994813~LX*1~TS3*1417971904*22*20261231*1*6000~CLP*CX157468X2*1*6000*0**13*EKADXQMPX0000*13*2~NM1*QC*1*KELLEY*MEAGHAN~NM1*IL*1*KELLEY*DON****MI*W283487532~NM1*82*2*THE RENFREW CENTER OF PITTSBURGH*****XX*1417971904~REF*1L*0285629-010-00004- G~REF*CE*AETNA HEALTHFUND  AETNA CHOICE  POS II NET 02152~DTM*232*20260629~DTM*233*20260702~DTM*050*20260706~PER*CX**TE*8004107778~SVC*HC:H0035*1500*0*0912*0**1~DTM*472*20260629~CAS*CO*197*1500*1~REF*6R*CX157468X67750.003~SVC*HC:H0035*1500*0*0912*0**1~DTM*472*20260630~CAS*CO*197*1500*1~REF*6R*CX157468X67751.003~SVC*HC:H0035*1500*0*0912*0**1~DTM*472*20260701~CAS*CO*197*1500*1~REF*6R*CX157468X67752.004~SVC*HC:H0035*1500*0*0912*0**1~DTM*472*20260702~CAS*CO*197*1500*1~REF*6R*CX157468X67753.004~SE*44*000000001~ST*835*000000002~BPR*I*51329.93*C*ACH*CCP*01*011900445*DA*0000009046*1066033492**01*121000248*DA*4122170038*20260710~TRN*1*826188000272494*1066033492~REF*EV*133052274~DTM*405*20260707~N1*PR*AETNA~N3*151 FARMINGTON AVENUE~N4*HARTFORD*CT*06156~REF*2U*60054~PER*BL*PROVIDER SERVICE~N1*PE*THE RENFREW CENTER OF PHILADELPHIA LLC*XX*1417971904~N3*PO BOX 713700~N4*PHILADELPHIA*PA*191713700~REF*PQ*182224660~REF*TJ*200994813~LX*1~TS3*1417971904*22*20261231*1*7500~CLP*CX157199X1*1*7500*3265**13*EG37XLD8N0000*13*3~NM1*QC*1*STANTON*CARRIE~NM1*IL*1*STANTON*KIMBERLY****MI*W280373806~NM1*82*2*THE RENFREW CENTER OF PITTSBURGH*****XX*1417971904~REF*G1*074954934~REF*1L*0283903-011-00024-EC~REF*CE*AETNA CHOICE  POS II NET 02152~DTM*232*20260622~DTM*233*20260626~DTM*050*20260630~PER*CX**TE*8886323862~AMT*AU*7500~SVC*HC:H0035*1500*653*0912*1~DTM*472*20260622~CAS*CO*45*847~REF*6R*CX157199X67743.002~AMT*B6*653~SVC*HC:H0035*1500*653*0912*1~DTM*472*20260623~CAS*CO*45*847~REF*6R*CX157199X67744.004~AMT*B6*653~SVC*HC:H0035*1500*653*0912*1~DTM*472*20260624~CAS*CO*45*847~REF*6R*CX157199X67745.002~AMT*B6*653~SVC*HC:H0035*1500*653*0912*1~DTM*472*20260625~CAS*CO*45*847~REF*6R*CX157199X67746.004~AMT*B6*653~SVC*HC:H0035*1500*653*0912*1~DTM*472*20260626~CAS*CO*45*847~REF*6R*CX157199X67747.004~AMT*B6*653~LX*2~TS3*1417971904*22*20261231*2*15000~CLP*CX157181X1*1*7500*3265**13*EFY2XQJ0M0000*13*3~NM1*QC*1*GIBNEY-KRASHEN*ALEXIS~NM1*IL*1*KRASHEN*DANIEL****MI*W280817439~NM1*82*2*THE RENFREW CENTER OF PENNSYLVANIA,*****XX*1417971904~REF*G1*075005468~REF*1L*0811778-020-00002- E~REF*CE*AETNA CHOICE  POS II NET 00408~DTM*232*20260622~DTM*233*20260626~DTM*050*20260630~PER*CX**TE*8886323862~AMT*AU*7500~SVC*HC:H0035*1500*653*0912*1~DTM*472*20260622~CAS*CO*45*847~REF*6R*CX157181X67743.003~AMT*B6*653~SVC*HC:H0035*1500*653*0912*1~DTM*472*20260623~CAS*CO*45*847~REF*6R*CX157181X67744.003~AMT*B6*653~SVC*HC:H0035*1500*653*0912*1~DTM*472*20260624~CAS*CO*45*847~REF*6R*CX157181X67745.005~AMT*B6*653~SVC*HC:H0035*1500*653*0912*1~DTM*472*20260625~CAS*CO*45*847~REF*6R*CX157181X67746.004~AMT*B6*653~SVC*HC:H0035*1500*653*0912*1~DTM*472*20260626~CAS*CO*45*847~REF*6R*CX157181X67747.002~AMT*B6*653~CLP*CX157182X2*1*7500*3265**13*EFY2XQJ550000*13*4~NM1*QC*1*COHEN*SAMARA~NM1*IL*1*COHEN*EDAN****MI*0000196210~NM1*74*1******C*W293722774~NM1*82*2*THE RENFREW CENTER OF PENNSYLVANIA,*****XX*1417971904~REF*G1*075005093~REF*1L*0697478-013-00001-EB~REF*CE*AETNA CHOICE  POS II NET 00408~DTM*232*20260622~DTM*233*20260626~DTM*050*20260630~PER*CX**TE*8886323862~AMT*AU*7500~SVC*HC:H0035*1500*653*0912*1~DTM*472*20260622~CAS*CO*45*847~REF*6R*CX157182X67743.003~AMT*B6*653~SVC*HC:H0035*1500*653*0912*1~DTM*472*20260623~CAS*CO*45*847~REF*6R*CX157182X67744.003~AMT*B6*653~SVC*HC:H0035*1500*653*0912*1~DTM*472*20260624~CAS*CO*45*847~REF*6R*CX157182X67745.005~AMT*B6*653~SVC*HC:H0035*1500*653*0912*1~DTM*472*20260625~CAS*CO*45*847~REF*6R*CX157182X67746.004~AMT*B6*653~SVC*HC:H0035*1500*653*0912*1~DTM*472*20260626~CAS*CO*45*847~REF*6R*CX157182X67747.002~AMT*B6*653~LX*3~TS3*1417971904*22*20261231*4*15750~CLP*CX157192X1*1*7500*3265**12*EGADXP3120000*13*4~NM1*QC*1*DILLEN*SHAYLEE****MI*W286904557~NM1*82*2*THE RENFREW CENTER OF PENNSYLVANIA,*****XX*1417971904~REF*1L*0878581-012-00002-PQ~REF*CE*OPEN CHOICE NET 00140~DTM*232*20260622~DTM*233*20260626~DTM*050*20260630~PER*CX**TE*8886323862~AMT*AU*7500~SVC*HC:H0035:95*1500*653*0912*1~DTM*472*20260622~CAS*CO*45*847~REF*6R*CX157192X67743.003~AMT*B6*653~SVC*HC:H0035:95*1500*653*0912*1~DTM*472*20260623~CAS*CO*45*847~REF*6R*CX157192X67744.002~AMT*B6*653~SVC*HC:H0035:95*1500*653*0912*1~DTM*472*20260624~CAS*CO*45*847~REF*6R*CX157192X67745.001~AMT*B6*653~SVC*HC:H0035:95*1500*653*0912*1~DTM*472*20260625~CAS*CO*45*847~REF*6R*CX157192X67746.002~AMT*B6*653~SVC*HC:H0035:95*1500*653*0912*1~DTM*472*20260626~CAS*CO*45*847~REF*6R*CX157192X67747.003~AMT*B6*653~CLP*CX157183X1*1*3750*1790**13*EG37XLFF60000*13*3~NM1*QC*1*LEVY*RACHEL~NM1*82*2*THE RENFREW CENTER OF PENNSYLVANIA,*****XX*1417971904~REF*1L*0477278-012-00701-BB~REF*CE*AETNA CHOICE  POS II NET 00408~DTM*232*20260622~DTM*233*20260626~DTM*050*20260630~PER*CX**TE*8886323862~AMT*AU*3750~SVC*HC:S9480*750*358*0905*1~DTM*472*20260622~CAS*CO*45*392~REF*6R*CX157183X67743.002~AMT*B6*358~SVC*HC:S9480*750*358*0905*1~DTM*472*20260623~CAS*CO*45*392~REF*6R*CX157183X67744.001~AMT*B6*358~SVC*HC:S9480*750*358*0905*1~DTM*472*20260624~CAS*CO*45*392~REF*6R*CX157183X67745.001~AMT*B6*358~SVC*HC:S9480*750*358*0905*1~DTM*472*20260625~CAS*CO*45*392~REF*6R*CX157183X67746.001~AMT*B6*358~SVC*HC:S9480*750*358*0905*1~DTM*472*20260626~CAS*CO*45*392~REF*6R*CX157183X67747.002~AMT*B6*358~CLP*CX157449X1*1*3000*1432**13*EJY2XS7VT0000*13*3~NM1*QC*1*LEVY*RACHEL~NM1*82*2*THE RENFREW CENTER OF PENNSYLVANIA,*****XX*1417971904~REF*1L*0477278-012-00701-BB~REF*CE*AETNA CHOICE  POS II NET 00408~DTM*232*20260629~DTM*233*20260702~DTM*050*20260706~PER*CX**TE*8886323862~AMT*AU*3000~SVC*HC:S9480*750*358*0905*1~DTM*472*20260629~CAS*CO*45*392~REF*6R*CX157449X67750.002~AMT*B6*358~SVC*HC:S9480*750*358*0905*1~DTM*472*20260630~CAS*CO*45*392~REF*6R*CX157449X67751.002~AMT*B6*358~SVC*HC:S9480*750*358*0905*1~DTM*472*20260701~CAS*CO*45*392~REF*6R*CX157449X67752.001~AMT*B6*358~SVC*HC:S9480*750*358*0905*1~DTM*472*20260702~CAS*CO*45*392~REF*6R*CX157449X67753.001~AMT*B6*358~CLP*CX157459X1*1*1500*716**12*EK37XN4HK0000*13*2~NM1*QC*1*DILLEN*SHAYLEE****MI*W286904557~NM1*82*2*THE RENFREW CENTER OF PENNSYLVANIA,*****XX*1417971904~REF*1L*0878581-012-00002-PQ~REF*CE*OPEN CHOICE NET 00140~DTM*232*20260629~DTM*233*20260702~DTM*050*20260706~PER*CX**TE*8886323862~AMT*AU*1500~SVC*HC:S9480:95*750*358*0905*1~DTM*472*20260629~CAS*CO*45*392~REF*6R*CX157459X67750.001~AMT*B6*358~SVC*HC:S9480:95*750*358*0905*1~DTM*472*20260702~CAS*CO*45*392~REF*6R*CX157459X67753.002~AMT*B6*358~LX*4~TS3*1417971904*55*20261231*4*81000~CLP*CX157145X3*1*18000*7776**12*EATYXP3JP0000*11*2~NM1*QC*1*PENA*KARLA~NM1*82*2*THE RENFREW CENTER OF PENNSYLVANIA*****XX*1417971904~REF*G1*075107471~REF*1L*0285593-016-00180-HD~REF*CE*OPEN ACCESS AETNA SELECT  8480 NET 01217~DTM*232*20260623~DTM*233*20260628~DTM*050*20260630~PER*CX**TE*8886323862~AMT*AU*18000~SVC*NU:0124*3000*1296**1*NU:1001~DTM*472*20260623~CAS*CO*45*1704~REF*6R*CX157145X67744.005~AMT*B6*1296~SVC*NU:0124*3000*1296**1*NU:1001~DTM*472*20260624~CAS*CO*45*1704~REF*6R*CX157145X67745.002~AMT*B6*1296~SVC*NU:0124*3000*1296**1*NU:1001~DTM*472*20260625~CAS*CO*45*1704~REF*6R*CX157145X67746.003~AMT*B6*1296~SVC*NU:0124*3000*1296**1*NU:1001~DTM*472*20260626~CAS*CO*45*1704~REF*6R*CX157145X67747.002~AMT*B6*1296~SVC*NU:0124*3000*1296**1*NU:1001~DTM*472*20260627~CAS*CO*45*1704~REF*6R*CX157145X67748.004~AMT*B6*1296~SVC*NU:0124*3000*1296**1*NU:1001~DTM*472*20260628~CAS*CO*45*1704~REF*6R*CX157145X67749.003~AMT*B6*1296~CLP*CX157144X2*1*21000*9072**13*EBPDXL9J90000*11*3~NM1*QC*1*LOWE*ARIANA~NM1*IL*1*LOWE*ANTHONY****MI*W271676428~NM1*82*2*THE RENFREW CENTER OF PENNSYLVANIA*****XX*1417971904~REF*G1*074871521~REF*1L*0192643-010-00001- E~REF*CE*AETNA CHOICE  POS II NET 00408~DTM*232*20260622~DTM*233*20260628~DTM*050*20260630~PER*CX**TE*8886323862~AMT*AU*21000~SVC*NU:0124*3000*1296**1*NU:1001~DTM*472*20260622~CAS*CO*45*1704~REF*6R*CX157144X67743.001~AMT*B6*1296~SVC*NU:0124*3000*1296**1*NU:1001~DTM*472*20260623~CAS*CO*45*1704~REF*6R*CX157144X67744.003~AMT*B6*1296~SVC*NU:0124*3000*1296**1*NU:1001~DTM*472*20260624~CAS*CO*45*1704~REF*6R*CX157144X67745.003~AMT*B6*1296~SVC*NU:0124*3000*1296**1*NU:1001~DTM*472*20260625~CAS*CO*45*1704~REF*6R*CX157144X67746.003~AMT*B6*1296~SVC*NU:0124*3000*1296**1*NU:1001~DTM*472*20260626~CAS*CO*45*1704~REF*6R*CX157144X67747.002~AMT*B6*1296~SVC*NU:0124*3000*1296**1*NU:1001~DTM*472*20260627~CAS*CO*45*1704~REF*6R*CX157144X67748.001~AMT*B6*1296~SVC*NU:0124*3000*1296**1*NU:1001~DTM*472*20260628~CAS*CO*45*1704~REF*6R*CX157144X67749.003~AMT*B6*1296~CLP*CX157143X1*1*21000*9072**13*EC37XKX9F0000*11*3~NM1*QC*1*MUIR*ERICA****MI*W294006234~NM1*82*2*THE RENFREW CENTER OF PENNSYLVANIA*****XX*1417971904~REF*G1*075071924~REF*1L*0868404-030-00001- N~REF*CE*AETNA CHOICE  POS II NET 00408~DTM*232*20260622~DTM*233*20260628~DTM*050*20260630~PER*CX**TE*8886323862~AMT*AU*21000~SVC*NU:0124*3000*1296**1*NU:1001~DTM*472*20260622~CAS*CO*45*1704~REF*6R*CX157143X67743.002~AMT*B6*1296~SVC*NU:0124*3000*1296**1*NU:1001~DTM*472*20260623~CAS*CO*45*1704~REF*6R*CX157143X67744.003~AMT*B6*1296~SVC*NU:0124*3000*1296**1*NU:1001~DTM*472*20260624~CAS*CO*45*1704~REF*6R*CX157143X67745.004~AMT*B6*1296~SVC*NU:0124*3000*1296**1*NU:1001~DTM*472*20260625~CAS*CO*45*1704~REF*6R*CX157143X67746.004~AMT*B6*1296~SVC*NU:0124*3000*1296**1*NU:1001~DTM*472*20260626~CAS*CO*45*1704~REF*6R*CX157143X67747.001~AMT*B6*1296~SVC*NU:0124*3000*1296**1*NU:1001~DTM*472*20260627~CAS*CO*45*1704~REF*6R*CX157143X67748.001~AMT*B6*1296~SVC*NU:0124*3000*1296**1*NU:1001~DTM*472*20260628~CAS*CO*45*1704~REF*6R*CX157143X67749.004~AMT*B6*1296~CLP*CX157147X5*1*21000*8411.93*660.07*13*E9JDVBW3G0000*11*3~NM1*QC*1*LI*ANNA~NM1*IL*1*ZHOU*CHUNLING****MI*W500716003~NM1*82*2*THE RENFREW CENTER OF PENNSYLVANIA*****XX*1417971904~REF*G1*075029404~REF*1L*0192643-011-00001- L~REF*CE*AETNA CHOICE  POS II NET 00408~DTM*232*20260622~DTM*233*20260628~DTM*050*20260630~PER*CX**TE*8886323862~AMT*AU*21000~SVC*NU:0124*3000*1036.8**1*NU:1001~DTM*472*20260622~CAS*CO*45*1704~CAS*PR*2*259.2~REF*6R*CX157147X67743.002~AMT*B6*1296~SVC*NU:0124*3000*1036.8**1*NU:1001~DTM*472*20260623~CAS*CO*45*1704~CAS*PR*2*259.2~REF*6R*CX157147X67744.003~AMT*B6*1296~SVC*NU:0124*3000*1154.33**1*NU:1001~DTM*472*20260624~CAS*CO*45*1704~CAS*PR*2*141.67~REF*6R*CX157147X67745.005~AMT*B6*1296~SVC*NU:0124*3000*1296**1*NU:1001~DTM*472*20260625~CAS*CO*45*1704~REF*6R*CX157147X67746.003~AMT*B6*1296~SVC*NU:0124*3000*1296**1*NU:1001~DTM*472*20260626~CAS*CO*45*1704~REF*6R*CX157147X67747.003~AMT*B6*1296~SVC*NU:0124*3000*1296**1*NU:1001~DTM*472*20260627~CAS*CO*45*1704~REF*6R*CX157147X67748.003~AMT*B6*1296~SVC*NU:0124*3000*1296**1*NU:1001~DTM*472*20260628~CAS*CO*45*1704~REF*6R*CX157147X67749.003~AMT*B6*1296~SE*440*000000002~GE*2*434005198~IEA*1*434005198~