ISA*00*          *00*          *ZZ*CHC            *ZZ*00962249       *260701*0813*^*00501*942009089*0*P*:~GS*HP*CHC*00962249*20260701*08134000*942009089*X*005010X221A1~ST*835*000000001~BPR*I*4788*C*ACH*CCP*01*004401195*DA*0000070420*1411648670**01*121000248*DA*4122170038*20260703~TRN*1*260630090043055*1411648670~REF*EV*133052274~REF*F2*PM~DTM*405*20260701~N1*PR*EVERNORTH BEHAVIORAL HEALTH, INC.~N3*P.O. BOX 182223~N4*CHATTANOOGA*TN*374227223~REF*2U*62308~PER*BL*EDI HELP DESK*TE*8008103388~N1*PE*RENFREW CTR OF FL LLC*XX*1912008137~N3*PO BOX 713700~N4*PHILADELPHIA*PA*191713700~REF*TJ*200995125~LX*1~TS3*1912008137*11*20261231*1*12000~CLP*CX156945X2*1*12000*4788**13*7682617598929*11*2~NM1*QC*1*GREENSTEIN*HAILEY*E***MI*U0135419603~NM1*IL*1*GREENSTEIN*JEREMY****MI*U0135419601~REF*1L*3213088~REF*CE*OPEN ACCESS PLUS~REF*EA*IDX136123X5~REF*G1*IP2775730214~REF*BB*002616931920287~DTM*050*20260624~DTM*232*20260618~DTM*233*20260621~PER*CX*MEMBER SERVICES*TE*8002446224~AMT*AU*4788~SVC*NU:1001*3000*1197**1~DTM*150*20260618~DTM*151*20260618~CAS*CO*45*1803~REF*6R*CX156945X67739.005~AMT*B6*1197~SVC*NU:1001*3000*1197**1~DTM*150*20260619~DTM*151*20260619~CAS*CO*45*1803~REF*6R*CX156945X67740.002~AMT*B6*1197~SVC*NU:1001*3000*1197**1~DTM*150*20260620~DTM*151*20260620~CAS*CO*45*1803~REF*6R*CX156945X67741.002~AMT*B6*1197~SVC*NU:1001*3000*1197**1~DTM*150*20260621~DTM*151*20260621~CAS*CO*45*1803~REF*6R*CX156945X67742.003~AMT*B6*1197~SE*55*000000001~GE*1*942009089~IEA*1*942009089~