ISA*00*          *00*          *ZZ*CHC            *ZZ*00962249       *260605*0346*^*00501*665006275*0*P*:~GS*HP*CHC*00962249*20260605*03460700*665006275*X*005010X221A1~ST*835*000000001~BPR*I*489.6*C*ACH*CCP*01*124384877*DA*1470858534*1411289245*000087726*01*121000248*DA*4122170038*20260609~TRN*1*W361611294*1411289245*000087726~REF*EV*B00099999800~REF*F2*1083~DTM*405*20260604~N1*PR*UNITED HEALTHCARE INSURANCE COMPANY~N3*9900 BREN ROAD~N4*MINNETONKA*MN*553439664~REF*2U*87726~PER*CX*ATLANTA SERVICE CENTER*TE*8778423210~PER*BL*UNKNOWN*UR*WWW.UNITEDHEALTHCAREONLINE.COM/B2C/CONTACTUS.DO~N1*PE*THE RENFREW CENTER OF TENNESSEE LLC*XX*1083812762~N3*PO BOX 823700~N4*PHILADELPHIA*PA*19182~REF*TJ*205497459~LX*1~TS3*1083812762*13*20261231*1*1500~CLP*CX155908X2*1*1500*489.6*54.4*13*FU44045072 0128605083*13*3~NM1*QC*1*PEARL*CAITLIN~NM1*IL*1*PEARL*CAITLIN****MI*920439795~NM1*74*1***E~REF*EA*IDX135592X6~REF*G1*53BMCG-01~REF*BB*53BMCG01~REF*1L*743714~REF*CE*CHOYC+~DTM*232*20260518~DTM*233*20260519~DTM*050*20260527~AMT*AU*1500~SVC*HC:S9480*750*244.8*0905*1~DTM*150*20260518~DTM*151*20260519~CAS*PR*2*27.2~CAS*CO*45*478~REF*6R*CX155908X67708.002~AMT*B6*272~SVC*HC:S9480*750*244.8*0905*1~DTM*150*20260518~DTM*151*20260519~CAS*CO*45*478~CAS*PR*2*27.2~REF*6R*CX155908X67709.002~AMT*B6*272~SE*46*000000001~GE*1*665006275~IEA*1*665006275~