ISA*00*          *00*          *ZZ*CHC            *ZZ*00962249       *260707*1219*^*00501*464005622*0*P*:~GS*HP*CHC*00962249*20260707*12193500*464005622*X*005010X221A1~ST*835*000000001~BPR*I*888*C*ACH*CCP*01*124384877*DA*720000932*1411289245*000087726*01*121000248*DA*4122170038*20260709~TRN*1*56165648*1411289245*000087726~REF*EV*BFT220003440~REF*F2*1284~DTM*405*20260706~N1*PR*UNITED HEALTHCARE INSURANCE COMPANY~N3*4 RESEARCH DRIVE~N4*SHELTON*CT*064846282~REF*2U*87726~PER*CX*PROVIDER ESOLUTIONS*TE*8778423210~PER*BL*OPERATIONS*TE*8662740906~N1*PE*THE RENFREW CENTER OF PENNSYLVANIA LLC*XX*1417971904~N3*PO BOX 823700~N4*PHILADELPHIA*PA*19182~REF*TJ*200994813~LX*1~TS3*A2033852*01*20261231*1*2250~CLP*CX156427X2*1*2250*888**HM*FU91799823*01*3~NM1*QC*1*MORAN*MADELINE****MI*70463206100~NM1*82*2*RENFREW CENTERS*****XX*1417971904~REF*CE*OPTUM HEALTH BEHAVIORAL SERVICES  OHBS~DTM*232*20260601~DTM*233*20260605~AMT*AU*888~SVC*HC:S9480*750*296*0905*0~DTM*472*20260601~CAS*CO*45*454~REF*6R*CX156427X67722.004~AMT*B6*296~SVC*HC:S9480*750*296*0905*0~DTM*472*20260603~CAS*CO*45*454~REF*6R*CX156427X67724.002~AMT*B6*296~SVC*HC:S9480*750*296*0905*0~DTM*472*20260605~CAS*CO*45*454~REF*6R*CX156427X67726.002~AMT*B6*296~SE*41*000000001~ST*835*000000002~BPR*I*1337*C*ACH*CCP*01*124384877*DA*1470858534*1411289245*000087726*01*121000248*DA*4122170038*20260709~TRN*1*26188B1000024963*1411289245*000087726~REF*EV*B00099999800~DTM*405*20260707~N1*PR*UNITED HEALTHCARE INSURANCE COMPANY~N3*PO BOX 30755~N4*SALT LAKE CITY*UT*841300755~REF*2U*87726~PER*CX*UNITED BEHAVIORAL HEALTH*TE*8003338724~PER*BL*UNKNOWN*UR*WWW.UNITEDHEALTHCAREONLINE.COM/B2C/CONTACTUS.DO~N1*PE*THE RENFREW CENTER OF PENNSYLVANIA LLC*XX*1417971904~N3*PO BOX 823700~N4*PHILADELPHIA*PA*19182~REF*TJ*200994813~LX*1~CLP*CX157190X1*1*4500*1337*400*15*26XF80208100*13*2~NM1*QC*1*DAWSON*ELENA****MI*20652109004~NM1*IL*1*DAWSON*LEIGH****MI*206521090~NM1*74*1***S~REF*G1*4FJYPB-01~REF*1L*10530~REF*CE*RENFREW CENTERS~REF*EA*IDX136433X3~DTM*232*20260624~DTM*233*20260626~DTM*050*20260701~AMT*AU*1737~SVC*HC:H0035*1500*179*0912*1~DTM*472*20260624~CAS*PR*1*400~CAS*CO*45*921~REF*6R*CX157190X67745.002~AMT*B6*579~SVC*HC:H0035*1500*579*0912*1~DTM*472*20260625~CAS*CO*45*921~REF*6R*CX157190X67746.002~AMT*B6*579~SVC*HC:H0035*1500*579*0912*1~DTM*472*20260626~CAS*CO*45*921~REF*6R*CX157190X67747.002~AMT*B6*579~SE*45*000000002~ST*835*000000003~BPR*I*7847*C*ACH*CCP*01*124384877*DA*1470858534*1411289245*000087726*01*121000248*DA*4122170038*20260709~TRN*1*26188B1000033048*1411289245*000087726~REF*EV*B00099999800~DTM*405*20260707~N1*PR*UNITED HEALTHCARE INSURANCE COMPANY~N3*PO BOX 30755~N4*SALT LAKE CITY*UT*841300755~REF*2U*87726~PER*CX*UNITED BEHAVIORAL HEALTH*TE*8003338724~PER*BL*UNKNOWN*UR*WWW.UNITEDHEALTHCAREONLINE.COM/B2C/CONTACTUS.DO~N1*PE*THE RENFREW CENTER OF PENNSYLVANIA LLC*XX*1417971904~N3*PO BOX 823700~N4*PHILADELPHIA*PA*19182~REF*TJ*200994813~LX*1~CLP*CX156889X2*1*21000*7847**15*26XF57879300*11*3~NM1*QC*1*DUTCHER*SHEA****MI*R226418623~NM1*74*1******C*028806988~REF*G1*DBJCLG-01~REF*1L*AW025423~REF*CE*RENFREW CENTERS~REF*EA*IDX136318X3~DTM*232*20260615~DTM*233*20260621~DTM*050*20260624~AMT*AU*7847~SVC*NU:1001*3000*1121**1~DTM*472*20260615~CAS*CO*45*1879~REF*6R*CX156889X67736.004~AMT*B6*1121~SVC*NU:1001*3000*1121**1~DTM*472*20260616~CAS*CO*45*1879~REF*6R*CX156889X67737.004~AMT*B6*1121~SVC*NU:1001*3000*1121**1~DTM*472*20260617~CAS*CO*45*1879~REF*6R*CX156889X67738.004~AMT*B6*1121~SVC*NU:1001*3000*1121**1~DTM*472*20260618~CAS*CO*45*1879~REF*6R*CX156889X67739.004~AMT*B6*1121~SVC*NU:1001*3000*1121**1~DTM*472*20260619~CAS*CO*45*1879~REF*6R*CX156889X67740.005~AMT*B6*1121~SVC*NU:1001*3000*1121**1~DTM*472*20260620~CAS*CO*45*1879~REF*6R*CX156889X67741.002~AMT*B6*1121~SVC*NU:1001*3000*1121**1~DTM*472*20260621~CAS*CO*45*1879~REF*6R*CX156889X67742.003~AMT*B6*1121~SE*63*000000003~GE*3*464005622~IEA*1*464005622~