ISA*00*          *00*          *ZZ*CHC            *ZZ*00962249       *260627*2343*^*00501*658803288*0*P*:~GS*HP*CHC*00962249*20260627*23433900*658803288*X*005010X221A1~ST*835*000000001~BPR*I*2183.1*C*ACH*CCP*01*093702139*DA*0601849573*1591031071**01*121000248*DA*4122170038*20260629~TRN*1*260625090049920*1591031071~REF*EV*133052274~REF*F2*PM~DTM*405*20260626~N1*PR*CIGNA HEALTH AND LIFE INSURANCE COMPANY~N3*P.O. BOX 182223~N4*CHATTANOOGA*TN*374227223~REF*2U*62308~PER*BL*EDI HELP DESK*TE*8008103388~N1*PE*RENFREW CTR OF MD*XX*1093940405~N3*PO BOX 713700~N4*PHILADELPHIA*PA*191713700~REF*TJ*264628647~LX*1~TS3*1093940405*13*20261231*2*4500~CLP*CX157051X1*1*2250*1149**13*4682617694600*13*2~NM1*QC*1*KESSLER*JULIA*P***MI*U4825364903~NM1*IL*1*KESSLER*WENDY****MI*U4825364901~REF*1L*3216080~REF*CE*OPEN ACCESS PLUS~REF*EA*IDX132205X7~REF*G1*NO AUTH REQUIRED~DTM*050*20260625~DTM*232*20260615~DTM*233*20260618~PER*CX*MEMBER SERVICES*TE*8002446224~AMT*AU*1149~SVC*HC:S9480*750*383*0905*1~DTM*150*20260615~DTM*151*20260615~CAS*CO*45*367~REF*6R*CX157051X67736.001~AMT*B6*383~SVC*HC:S9480*750*383*0905*1~DTM*150*20260617~DTM*151*20260617~CAS*CO*45*367~REF*6R*CX157051X67738.003~AMT*B6*383~SVC*HC:S9480*750*383*0905*1~DTM*150*20260618~DTM*151*20260618~CAS*CO*45*367~REF*6R*CX157051X67739.002~AMT*B6*383~CLP*CX157050X2*1*2250*1034.1*114.9*13*9672617691492*13*3~NM1*QC*1*BETZ*SASHA****MI*81843686902~NM1*IL*1*BETZ*JUSTIN****MI*81843686901~REF*1L*3331238~REF*CE*OPEN ACCESS PLUS~REF*EA*IDX135192X5~DTM*050*20260625~DTM*232*20260615~DTM*233*20260618~PER*CX*MEMBER SERVICES*TE*8002446224~AMT*AU*1149~SVC*HC:S9480*750*344.7*0905*1~DTM*150*20260615~DTM*151*20260615~CAS*CO*45*367~CAS*PR*2*38.3~REF*6R*CX157050X67736.003~AMT*B6*383~SVC*HC:S9480*750*344.7*0905*1~DTM*150*20260617~DTM*151*20260617~CAS*CO*45*367~CAS*PR*2*38.3~REF*6R*CX157050X67738.002~AMT*B6*383~SVC*HC:S9480*750*344.7*0905*1~DTM*150*20260618~DTM*151*20260618~CAS*CO*45*367~CAS*PR*2*38.3~REF*6R*CX157050X67739.001~AMT*B6*383~SE*80*000000001~ST*835*000000002~BPR*I*3786*C*ACH*CCP*01*004401195*DA*0000070420*1411648670**01*121000248*DA*4122170038*20260629~TRN*1*260625090049919*1411648670~REF*EV*133052274~REF*F2*PM~DTM*405*20260626~N1*PR*EVERNORTH BEHAVIORAL HEALTH, INC.~N3*P.O. BOX 182223~N4*CHATTANOOGA*TN*374227223~REF*2U*62308~PER*BL*EDI HELP DESK*TE*8008103388~N1*PE*RENFREW CTR OF MD*XX*1093940405~N3*PO BOX 713700~N4*PHILADELPHIA*PA*191713700~REF*TJ*264628647~LX*1~TS3*1093940405*13*20261231*2*7500~CLP*CX157049X1*1*1500*766**13*9682617600269*13*4~NM1*QC*1*HALSTED*PAIGE****MI*U9669875603~NM1*IL*1*OLSON*ANGELA****MI*U9669875601~REF*1L*3341266~REF*CE*OPEN ACCESS PLUS~REF*EA*IDX135077X4~DTM*050*20260625~DTM*232*20260616~DTM*233*20260617~PER*CX*MEMBER SERVICES*TE*8002446224~AMT*AU*766~SVC*HC:S9480*750*383*0905*1~DTM*150*20260616~DTM*151*20260616~CAS*CO*45*367~REF*6R*CX157049X67737.001~AMT*B6*383~SVC*HC:S9480*750*383*0905*1~DTM*150*20260617~DTM*151*20260617~CAS*CO*45*367~REF*6R*CX157049X67738.001~AMT*B6*383~CLP*CX157048X1*1*6000*3020**13*8432617694154*13*3~NM1*QC*1*MORROW*ZOE****MI*U3877860303~NM1*IL*1*MORROW*DEREK****MI*U3877860301~REF*1L*3339276~REF*CE*OPEN ACCESS PLUS IN-NETWORK~REF*EA*IDX133004X11~REF*G1*NO AUTH REQ~DTM*050*20260625~DTM*232*20260616~DTM*233*20260619~PER*CX*MEMBER SERVICES*TE*8002446224~AMT*AU*3020~SVC*HC:H0035*1500*755*0912*1~DTM*150*20260616~DTM*151*20260616~CAS*CO*45*745~REF*6R*CX157048X67737.001~AMT*B6*755~SVC*HC:H0035*1500*755*0912*1~DTM*150*20260617~DTM*151*20260617~CAS*CO*45*745~REF*6R*CX157048X67738.001~AMT*B6*755~SVC*HC:H0035*1500*755*0912*1~DTM*150*20260618~DTM*151*20260618~CAS*CO*45*745~REF*6R*CX157048X67739.001~AMT*B6*755~SVC*HC:H0035*1500*755*0912*1~DTM*150*20260619~DTM*151*20260619~CAS*CO*45*745~REF*6R*CX157048X67740.001~AMT*B6*755~SE*77*000000002~GE*2*658803288~IEA*1*658803288~