ISA*00*          *00*          *ZZ*CHC            *ZZ*00962249       *260717*0704*^*00501*304004330*0*P*:~GS*HP*CHC*00962249*20260717*07044400*304004330*X*005010X221A1~ST*835*000000001~BPR*I*2548*C*ACH*CCP*01*031100225*DA*4058564014/*1220999690*999999999*01*121000248*DA*4122170038*20260715~TRN*1*0077400371*1220999690*8352026071602250446~REF*EV*1164514691~DTM*405*20260715~N1*PR*HORIZON BCBSNJ~N3*P O  BOX 420~N4*NEWARK*NJ*071010420~REF*2U*22099~PER*BL*HORIZON BCBSNJ*EM*HORIZONEDI@HORIZONBLUE.COM*TE*8883349242~N1*PE*THE RENFREW CENTER OF NEW JERS*XX*1164514691~N3*PO BOX 713700~N4*PHILADELPHIA*PA*191713700~REF*PQ*001368~REF*TJ*223704728~LX*1~CLP*CX156718X4*1*6000*2548**13*780202616918348   00*13*3~NM1*QC*1*OREJUELA*EMILY****MI*NJX3HZN83777410~NM1*IL*1*OREJUELA*LINA****MI*NJX3HZN83777410~NM1*74*1******C*NJX3HZN837774100~NM1*82*2*ASHLEY  HOADLEY*****XX*1821357682~DTM*232*20260609~DTM*233*20260612~DTM*050*20260618~PER*CX*NATIONAL ACCOUNTS PPO*TE*8006244758~AMT*AU*2548~AMT*T2*2548~SVC*HC:H0035*1500*637*0912*1~DTM*472*20260609~CAS*CO*45*863~REF*6R*CX156718X67730.001~REF*APC*00000~AMT*B6*637~SVC*HC:H0035*1500*637*0912*1~DTM*472*20260610~CAS*CO*45*863~REF*6R*CX156718X67731.002~REF*APC*00000~AMT*B6*637~SVC*HC:H0035*1500*637*0912*1~DTM*472*20260611~CAS*CO*45*863~REF*6R*CX156718X67732.002~REF*APC*00000~AMT*B6*637~SVC*HC:H0035*1500*637*0912*1~DTM*472*20260612~CAS*CO*45*863~REF*6R*CX156718X67733.001~REF*APC*00000~AMT*B6*637~SE*52*000000001~ST*835*000000002~BPR*I*3185*C*ACH*CCP*01*031100225*DA*2079950064280/*1220999690*999999999*01*121000248*DA*4122170038*20260716~TRN*1*0031775839*1220999690*8352026071700548936~REF*EV*1164514691~DTM*405*20260716~N1*PR*HORIZON BCBSNJ~N3*P O  BOX 420~N4*NEWARK*NJ*071010420~REF*2U*22099~PER*BL*HORIZON BCBSNJ*EM*HORIZONEDI@HORIZONBLUE.COM*TE*8883349242~N1*PE*THE RENFREW CENTER OF NEW JERS*XX*1164514691~N3*PO BOX 713700~N4*PHILADELPHIA*PA*191713700~REF*PQ*001368~REF*TJ*223704728~LX*1~CLP*CX156979X5*1*7500*3185**12*780202617619075   00*13*3~NM1*QC*1*VASTI*SIENNA****MI*ZTO6488791DK~NM1*IL*1*VASTI*CHRISTOPHER****MI*ZTO6488791DK~NM1*82*2*ASHLEY  HOADLEY*****XX*1821357682~DTM*232*20260615~DTM*233*20260619~DTM*050*20260625~PER*CX*HORIZON BLUE CROSS BLUE SHIELD OF NEW JERSEY DIRECT ACCESS*TE*8886662535~AMT*AU*3185~AMT*T2*3185~SVC*HC:H0035*1500*637*0912*1~DTM*472*20260615~CAS*CO*45*863~REF*6R*CX156979X67736.001~REF*APC*00000~AMT*B6*637~SVC*HC:H0035*1500*637*0912*1~DTM*472*20260616~CAS*CO*45*863~REF*6R*CX156979X67737.002~REF*APC*00000~AMT*B6*637~SVC*HC:H0035*1500*637*0912*1~DTM*472*20260617~CAS*CO*45*863~REF*6R*CX156979X67738.002~REF*APC*00000~AMT*B6*637~SVC*HC:H0035*1500*637*0912*1~DTM*472*20260618~CAS*CO*45*863~REF*6R*CX156979X67739.001~REF*APC*00000~AMT*B6*637~SVC*HC:H0035*1500*637*0912*1~DTM*472*20260619~CAS*CO*45*863~REF*6R*CX156979X67740.001~REF*APC*00000~AMT*B6*637~SE*57*000000002~GE*2*304004330~IEA*1*304004330~