ISA*00*          *00*          *ZZ*CHC            *ZZ*00962249       *260603*1040*^*00501*526408404*0*P*:~GS*HP*CHC*00962249*20260603*10404900*526408404*X*005010X221A1~ST*835*000000001~BPR*I*5211*C*ACH*CCP*01*124384877*DA*1470858534*1411289245*000087726*01*121000248*DA*4122170038*20260605~TRN*1*26154B1000046437*1411289245*000087726~REF*EV*B00099999800~DTM*405*20260603~N1*PR*UNITED HEALTHCARE INSURANCE COMPANY~N3*PO BOX 30755~N4*SALT LAKE CITY*UT*841300755~REF*2U*87726~PER*CX*UNITED BEHAVIORAL HEALTH*TE*8003338724~PER*BL*UNKNOWN*UR*WWW.UNITEDHEALTHCAREONLINE.COM/B2C/CONTACTUS.DO~N1*PE*THE RENFREW CENTER OF FLORIDA LLC*XX*1912008137~N3*PO BOX 823700~N4*PHILADELPHIA*PA*19182~REF*TJ*200995125~LX*1~CLP*CX155590X1*1*6000*2316**15*26XE46450400*13*3~NM1*QC*1*ORI*CAROLINE****MI*A8006231403~NM1*IL*1*ORI*KEITH****MI*A8006231400~NM1*74*1***A***C*A80062314~REF*G1*CMD3X~REF*1L*AV001548~REF*CE*THE RENFREW CENTER OF FLORIDA LLC~REF*EA*IDX135892X3~DTM*232*20260511~DTM*233*20260515~DTM*050*20260520~AMT*AU*2316~SVC*HC:H0035*1500*579*0912*1~DTM*472*20260511~CAS*CO*45*921~REF*6R*CX155590X67701.003~AMT*B6*579~SVC*HC:H0035*1500*579*0912*1~DTM*472*20260512~CAS*CO*45*921~REF*6R*CX155590X67702.004~AMT*B6*579~SVC*HC:H0035*1500*579*0912*1~DTM*472*20260513~CAS*CO*45*921~REF*6R*CX155590X67703.004~AMT*B6*579~SVC*HC:H0035*1500*579*0912*1~DTM*472*20260515~CAS*CO*45*921~REF*6R*CX155590X67705.004~AMT*B6*579~CLP*CX155812X2*1*7500*2895**15*26XE67664400*13*3~NM1*QC*1*ORI*CAROLINE****MI*A8006231403~NM1*IL*1*ORI*KEITH****MI*A8006231400~NM1*74*1***A***C*A80062314~REF*G1*CMD3X~REF*1L*AV001548~REF*CE*THE RENFREW CENTER OF FLORIDA LLC~REF*EA*IDX135892X3~DTM*232*20260518~DTM*233*20260522~DTM*050*20260527~AMT*AU*2895~SVC*HC:H0035*1500*579*0912*1~DTM*472*20260518~CAS*CO*45*921~REF*6R*CX155812X67708.005~AMT*B6*579~SVC*HC:H0035*1500*579*0912*1~DTM*472*20260519~CAS*CO*45*921~REF*6R*CX155812X67709.002~AMT*B6*579~SVC*HC:H0035*1500*579*0912*1~DTM*472*20260520~CAS*CO*45*921~REF*6R*CX155812X67710.004~AMT*B6*579~SVC*HC:H0035*1500*579*0912*1~DTM*472*20260521~CAS*CO*45*921~REF*6R*CX155812X67711.001~AMT*B6*579~SVC*HC:H0035*1500*579*0912*1~DTM*472*20260522~CAS*CO*45*921~REF*6R*CX155812X67712.004~AMT*B6*579~SE*86*000000001~GE*1*526408404~IEA*1*526408404~