ISA*00*          *00*          *ZZ*CHC            *ZZ*00962249       *260609*0622*^*00501*953806431*0*P*:~GS*HP*CHC*00962249*20260609*06224100*953806431*X*005010X221A1~ST*835*000000001~BPR*H*0*C*NON************20260609~TRN*1*926160000267621*1066033492~REF*EV*133052274~DTM*405*20260609~N1*PR*AETNA~N3*151 FARMINGTON AVENUE~N4*HARTFORD*CT*06156~REF*2U*60054~PER*BL*PROVIDER SERVICE~N1*PE*THE RENFREW CENTER OF PHILADELPHIA LLC*XX*1417971904~N3*PO BOX 713700~N4*PHILADELPHIA*PA*191713700~REF*PQ*182224660~REF*TJ*200994813~LX*1~TS3*1417971904*55*20261231*1*6000~CLP*CX155966X2*1*6000*0*2592*13*EFPDW5N680000*11*1~NM1*QC*1*RAPP*JENNIFER~NM1*IL*1*WELSCH*JEREMY****MI*W283522415~NM1*82*2*THE RENFREW CENTER OF PENNSYLVANIA*****XX*1417971904~REF*G1*074827560~REF*1L*0186459-014-00001-EA~REF*CE*AETNA OPEN ACCESS  MANAGED CHOICE NET 09613~DTM*232*20260526~DTM*233*20260527~DTM*050*20260601~PER*CX**TE*8886323862~AMT*AU*6000~SVC*NU:0124*3000*0**1*NU:1001~DTM*472*20260526~CAS*CO*45*1704~CAS*PR*1*1296~REF*6R*CX155966X67716.004~AMT*B6*1296~SVC*NU:0124*3000*0**1*NU:1001~DTM*472*20260527~CAS*CO*45*1704~CAS*PR*1*1296~REF*6R*CX155966X67717.003~AMT*B6*1296~SE*42*000000001~ST*835*000000002~BPR*I*18852.29*C*ACH*CCP*01*011900445*DA*0000009046*1066033492**01*121000248*DA*4122170038*20260612~TRN*1*826160000267633*1066033492~REF*EV*133052274~DTM*405*20260609~N1*PR*AETNA~N3*151 FARMINGTON AVENUE~N4*HARTFORD*CT*06156~REF*2U*60054~PER*BL*PROVIDER SERVICE~N1*PE*THE RENFREW CENTER OF PHILADELPHIA LLC*XX*1417971904~N3*PO BOX 713700~N4*PHILADELPHIA*PA*191713700~REF*PQ*182224660~REF*TJ*200994813~LX*1~TS3*1417971904*22*20261231*1*3000~CLP*CX156002X1*1*3000*1306**13*EDY2W10KS0000*13*3~NM1*QC*1*COHEN*SAMARA~NM1*IL*1*COHEN*EDAN****MI*0000196210~NM1*74*1******C*W293722774~NM1*82*2*THE RENFREW CENTER OF PENNSYLVANIA,*****XX*1417971904~REF*G1*074585768~REF*1L*0697478-013-00001-EB~REF*CE*AETNA CHOICE  POS II NET 00408~DTM*232*20260526~DTM*233*20260527~DTM*050*20260602~PER*CX**TE*8886323862~AMT*AU*3000~SVC*HC:H0035*1500*653*0912*1~DTM*472*20260526~CAS*CO*45*847~REF*6R*CX156002X67716.005~AMT*B6*653~SVC*HC:H0035*1500*653*0912*1~DTM*472*20260527~CAS*CO*45*847~REF*6R*CX156002X67717.005~AMT*B6*653~LX*2~TS3*1417971904*22*20261231*3*13500~CLP*CX156004X1*1*6000*2612**12*EFFDW6H5N0000*13*3~NM1*QC*1*DILMORE-SEHLHOFF*EIREN~NM1*IL*1*SEHLHOFF*KELLY****MI*W274994376~NM1*82*2*THE RENFREW CENTER OF PENNSYLVANIA,*****XX*1417971904~REF*G1*074662340~REF*1L*0863782-010-00004- A~REF*CE*OPEN ACCESS AETNA SELECT  8480 NET 01217~DTM*232*20260526~DTM*233*20260529~DTM*050*20260602~PER*CX**TE*8886323862~AMT*AU*6000~SVC*HC:H0035*1500*653*0912*1~DTM*472*20260526~CAS*CO*45*847~REF*6R*CX156004X67716.001~AMT*B6*653~SVC*HC:H0035*1500*653*0912*1~DTM*472*20260527~CAS*CO*45*847~REF*6R*CX156004X67717.001~AMT*B6*653~SVC*HC:H0035*1500*653*0912*1~DTM*472*20260528~CAS*CO*45*847~REF*6R*CX156004X67718.002~AMT*B6*653~SVC*HC:H0035*1500*653*0912*1~DTM*472*20260529~CAS*CO*45*847~REF*6R*CX156004X67719.002~AMT*B6*653~CLP*CX156005X1*1*1500*716**13*EFPDW6GZN0000*13*3~NM1*QC*1*LEVY*RACHEL~NM1*82*2*THE RENFREW CENTER OF PENNSYLVANIA,*****XX*1417971904~REF*1L*0477278-012-00701-BB~REF*CE*AETNA CHOICE  POS II NET 00408~DTM*232*20260527~DTM*233*20260528~DTM*050*20260602~PER*CX**TE*8886323862~AMT*AU*1500~SVC*HC:S9480*750*358*0905*1~DTM*472*20260527~CAS*CO*45*392~REF*6R*CX156005X67717.001~AMT*B6*358~SVC*HC:S9480*750*358*0905*1~DTM*472*20260528~CAS*CO*45*392~REF*6R*CX156005X67718.001~AMT*B6*358~CLP*CX156012X1*1*6000*2612**12*EFY2W53ZJ0000*13*3~NM1*QC*1*DILLEN*SHAYLEE****MI*W286904557~NM1*82*2*THE RENFREW CENTER OF PENNSYLVANIA,*****XX*1417971904~REF*1L*0878581-012-00002-PQ~REF*CE*OPEN CHOICE NET 00140~DTM*232*20260526~DTM*233*20260529~DTM*050*20260602~PER*CX**TE*8886323862~AMT*AU*6000~SVC*HC:H0035:95*1500*653*0912*1~DTM*472*20260526~CAS*CO*45*847~REF*6R*CX156012X67716.003~AMT*B6*653~SVC*HC:H0035:95*1500*653*0912*1~DTM*472*20260527~CAS*CO*45*847~REF*6R*CX156012X67717.004~AMT*B6*653~SVC*HC:H0035:95*1500*653*0912*1~DTM*472*20260528~CAS*CO*45*847~REF*6R*CX156012X67718.001~AMT*B6*653~SVC*HC:H0035:95*1500*653*0912*1~DTM*472*20260529~CAS*CO*45*847~REF*6R*CX156012X67719.003~AMT*B6*653~LX*3~TS3*1417971904*55*20261231*2*30000~CLP*CX155738X3*1*21000*9072**13*EDFDW1VW50000*11*3~NM1*QC*1*STANTON*CARRIE~NM1*IL*1*STANTON*KIMBERLY****MI*W280373806~NM1*82*2*THE RENFREW CENTER OF PENNSYLVANIA*****XX*1417971904~REF*G1*074605880~REF*1L*0283903-011-00024-EC~REF*CE*AETNA CHOICE  POS II NET 00408~DTM*232*20260518~DTM*233*20260524~DTM*050*20260526~PER*CX**TE*8886323862~AMT*AU*21000~SVC*NU:0124*3000*1296**1*NU:1001~DTM*472*20260518~CAS*CO*45*1704~REF*6R*CX155738X67708.002~AMT*B6*1296~SVC*NU:0124*3000*1296**1*NU:1001~DTM*472*20260519~CAS*CO*45*1704~REF*6R*CX155738X67709.003~AMT*B6*1296~SVC*NU:0124*3000*1296**1*NU:1001~DTM*472*20260520~CAS*CO*45*1704~REF*6R*CX155738X67710.004~AMT*B6*1296~SVC*NU:0124*3000*1296**1*NU:1001~DTM*472*20260521~CAS*CO*45*1704~REF*6R*CX155738X67711.003~AMT*B6*1296~SVC*NU:0124*3000*1296**1*NU:1001~DTM*472*20260522~CAS*CO*45*1704~REF*6R*CX155738X67712.004~AMT*B6*1296~SVC*NU:0124*3000*1296**1*NU:1001~DTM*472*20260523~CAS*CO*45*1704~REF*6R*CX155738X67713.003~AMT*B6*1296~SVC*NU:0124*3000*1296**1*NU:1001~DTM*472*20260524~CAS*CO*45*1704~REF*6R*CX155738X67714.002~AMT*B6*1296~CLP*CX155968X4*1*9000*2534.29*1353.71*13*EFFDW5QGC0000*11*2~NM1*QC*1*LOWE*ARIANA~NM1*IL*1*LOWE*ANTHONY****MI*W271676428~NM1*82*2*THE RENFREW CENTER OF PENNSYLVANIA*****XX*1417971904~REF*G1*074871521~REF*1L*0192643-010-00001- E~REF*CE*AETNA CHOICE  POS II NET 00408~DTM*232*20260529~DTM*233*20260531~DTM*050*20260601~PER*CX**TE*8886323862~AMT*AU*9000~SVC*NU:0124*3000*460.69**1*NU:1001~DTM*472*20260529~CAS*CO*45*1704~CAS*PR*1*720.14**2*115.17~REF*6R*CX155968X67719.004~AMT*B6*1296~SVC*NU:0124*3000*1036.8**1*NU:1001~DTM*472*20260530~CAS*CO*45*1704~CAS*PR*2*259.2~REF*6R*CX155968X67720.002~AMT*B6*1296~SVC*NU:0124*3000*1036.8**1*NU:1001~DTM*472*20260531~CAS*CO*45*1704~CAS*PR*2*259.2~REF*6R*CX155968X67721.002~AMT*B6*1296~SE*204*000000002~GE*2*953806431~IEA*1*953806431~