ISA*00*          *00*          *ZZ*CHC            *ZZ*00962249       *260605*0902*^*00501*686007825*0*P*:~GS*HP*CHC*00962249*20260605*09025100*686007825*X*005010X221A1~ST*835*000000001~BPR*I*9338*C*ACH*CCP*01*042100272*DA*7480795058*1591031071**01*121000248*DA*4122170038*20260605~TRN*1*602200881624*1591031071~REF*EV*133052274~REF*F2*GWFC~DTM*405*20260603~N1*PR*GREATWESTHEALTHCARE-CIGNA~N3*8505 E. ORCHARD RD~N4*GREENWOOD VILLAGE*CO*80111~REF*2U*62308~PER*CX*GWHC EDIPROD*EM*EDIESCALATEDREQUESTS@CIGNA.COM*TE*8008103388~PER*BL*EDI HELP DESK*TE*8008103388~N1*PE*RENFREW CENTER OF PENNSYLVANIA*XX*1417971904~N3*PO BOX 828577~N4*PHILADELPHIA*PA*191820001~REF*PQ*200006054179~REF*TJ*200994813~LX*1~TS3*1417971904*11*20261231*1*21000~CLP*CX155969X1*1*21000*9338**13*262012392200*11*3~NM1*QC*1*LOUHIER*MEGAN****MI*11251225200~REF*1L*00656485~REF*CE*OPEN ACCESS PLUS~REF*EA*IDX106977X12~REF*G1*IP2704526234~DTM*050*20260602~DTM*232*20260525~DTM*233*20260531~AMT*AU*9338~QTY*CA*7~SVC*NU:1001*3000*1334**1~DTM*150*20260525~DTM*151*20260525~CAS*CO*45*1666~REF*APC*0~REF*6R*CX155969X67715.004~AMT*B6*1334~SVC*NU:1001*3000*1334**1~DTM*150*20260526~DTM*151*20260526~CAS*CO*45*1666~REF*APC*0~REF*6R*CX155969X67716.005~AMT*B6*1334~SVC*NU:1001*3000*1334**1~DTM*150*20260527~DTM*151*20260527~CAS*CO*45*1666~REF*APC*0~REF*6R*CX155969X67717.004~AMT*B6*1334~SVC*NU:1001*3000*1334**1~DTM*150*20260528~DTM*151*20260528~CAS*CO*45*1666~REF*APC*0~REF*6R*CX155969X67718.002~AMT*B6*1334~SVC*NU:1001*3000*1334**1~DTM*150*20260529~DTM*151*20260529~CAS*CO*45*1666~REF*APC*0~REF*6R*CX155969X67719.005~AMT*B6*1334~SVC*NU:1001*3000*1334**1~DTM*150*20260530~DTM*151*20260530~CAS*CO*45*1666~REF*APC*0~REF*6R*CX155969X67720.002~AMT*B6*1334~SVC*NU:1001*3000*1334**1~DTM*150*20260531~DTM*151*20260531~CAS*CO*45*1666~REF*APC*0~REF*6R*CX155969X67721.004~AMT*B6*1334~SE*80*000000001~GE*1*686007825~IEA*1*686007825~