ISA*00*          *00*          *ZZ*CHC            *ZZ*00962249       *260605*0346*^*00501*665006566*0*P*:~GS*HP*CHC*00962249*20260605*03460700*665006566*X*005010X221A1~ST*835*000000001~BPR*I*7180.5*C*ACH*CCP*01*124384877*DA*1470858534*1411289245*000087726*01*121000248*DA*4122170038*20260609~TRN*1*W361606797*1411289245*000087726~REF*EV*B00099999800~REF*F2*1083~DTM*405*20260604~N1*PR*UNITED HEALTHCARE INSURANCE COMPANY~N3*9900 BREN ROAD~N4*MINNETONKA*MN*553439664~REF*2U*87726~PER*CX*ATLANTA SERVICE CENTER*TE*8778423210~PER*BL*UNKNOWN*UR*WWW.UNITEDHEALTHCAREONLINE.COM/B2C/CONTACTUS.DO~N1*PE*THE RENFREW CENTER OF PENNSYLVANIA LLC*XX*1417971904~N3*PO BOX 823700~N4*PHILADELPHIA*PA*19182~REF*TJ*200994813~LX*1~TS3*1417971904*13*20261231*4*18750~CLP*CX155290X1*1*7500*2792.5*102.5*13*FT97243294 0368138067*13*3~NM1*QC*1*NGUYEN*MICHELLE~NM1*IL*1*NGUYEN*MILLER****MI*971084356~REF*1L*921741~REF*BB*9L1YDJ01~REF*EA*IDX114450X10~REF*CE*CHOYC+~DTM*232*20260504~DTM*233*20260508~DTM*050*20260513~PER*CX*GREENSBORO SERVICE CENTER*TE*8778423210~AMT*AU*7500~SVC*HC:H0035*1500*922.5*0912*1~DTM*150*20260504~DTM*151*20260508~CAS*PR*2*102.5~CAS*CO*45*475~REF*6R*CX155290X67694.003~AMT*B6*1025~SVC*HC:H0035*1500*0*0912*1~DTM*150*20260504~DTM*151*20260508~CAS*CO*97*1500~REF*6R*CX155290X67695.003~SVC*HC:H0035*1500*0*0912*1~DTM*150*20260504~DTM*151*20260508~CAS*CO*97*1500~REF*6R*CX155290X67696.005~SVC*HC:H0035*1500*1870*0912*1~DTM*150*20260504~DTM*151*20260508~CAS*OA*94*-1500~CAS*CO*97*1130~REF*6R*CX155290X67697.002~AMT*B6*1870~SVC*HC:H0035*1500*0*0912*1~DTM*150*20260504~DTM*151*20260508~CAS*CO*97*1500~REF*6R*005~CLP*CX156000X1*1*2250*888**13*FU68261651 0368430869*13*2~NM1*QC*1*NGUYEN*MICHELLE~NM1*IL*1*NGUYEN*MILLER****MI*971084356~REF*EA*IDX114450X11~REF*BB*ZPKNQR01~REF*1L*921741~REF*CE*CHOYC+~REF*G1*ZPKNQR-01~DTM*232*20260527~DTM*233*20260529~DTM*050*20260603~PER*CX*GREENSBORO SERVICE CENTER*TE*8778423210~AMT*AU*2250~SVC*HC:S9480*750*296*0905*1~DTM*150*20260527~DTM*151*20260529~CAS*CO*45*454~REF*6R*CX156000X67717.003~AMT*B6*296~SVC*HC:S9480*750*296*0905*1~DTM*150*20260527~DTM*151*20260529~CAS*CO*45*454~REF*6R*CX156000X67718.003~AMT*B6*296~SVC*HC:S9480*750*296*0905*1~DTM*150*20260527~DTM*151*20260529~CAS*CO*45*454~REF*6R*CX156000X67719.003~AMT*B6*296~CLP*CX156019X1*1*6000*2316**14*FU68261655 0087104497*13*3~NM1*QC*1*BULL*LILLIAN~NM1*IL*1*BULL*JESSE****MI*995586188~REF*EA*IDX135275X5~REF*BB*RTQSSG01~REF*CE*CHOYC~REF*1L*920923~DTM*232*20260526~DTM*233*20260529~DTM*050*20260603~PER*CX*GREENSBORO SERVICE CENTER*TE*8778423210~AMT*AU*6000~SVC*HC:H0035*1500*579*0912*1~DTM*150*20260526~DTM*151*20260529~CAS*CO*45*921~REF*6R*CX156019X67716.002~AMT*B6*579~SVC*HC:H0035*1500*579*0912*1~DTM*150*20260526~DTM*151*20260529~CAS*CO*45*921~REF*6R*CX156019X67717.002~AMT*B6*579~SVC*HC:H0035*1500*579*0912*1~DTM*150*20260526~DTM*151*20260529~CAS*CO*45*921~REF*6R*CX156019X67718.003~AMT*B6*579~SVC*HC:H0035*1500*579*0912*1~DTM*150*20260526~DTM*151*20260529~CAS*CO*45*921~REF*6R*CX156019X67719.001~AMT*B6*579~CLP*CX156011X1*1*3000*1184**13*FU68261656 0100018512*13*3~NM1*QC*1*NIEVES*LONDON~NM1*IL*1*NIEVES*LESLIE****MI*986559189~NM1*74*1***A~REF*BB*3J416L01~REF*1L*931119~REF*G1*3J416L-01~REF*CE*CHOYC+~REF*EA*IDX135613X5~DTM*232*20260526~DTM*233*20260529~DTM*050*20260603~PER*CX*RICHARDSON/SPRGFLD SRVC CNTR*TE*8778423210~AMT*AU*3000~SVC*HC:S9480:95*750*296*0905*1~DTM*150*20260526~DTM*151*20260529~CAS*CO*45*454~REF*6R*CX156011X67716.002~AMT*B6*296~SVC*HC:S9480:95*750*296*0905*1~DTM*150*20260526~DTM*151*20260529~CAS*CO*45*454~REF*6R*CX156011X67717.001~AMT*B6*296~SVC*HC:S9480:95*750*296*0905*1~DTM*150*20260526~DTM*151*20260529~CAS*CO*45*454~REF*6R*CX156011X67718.001~AMT*B6*296~SVC*HC:S9480:95*750*296*0905*1~DTM*150*20260526~DTM*151*20260529~CAS*CO*45*454~REF*6R*CX156011X67719.003~AMT*B6*296~SE*165*000000001~GE*1*665006566~IEA*1*665006566~