ISA*00*          *00*          *ZZ*CHC            *ZZ*00962249       *260714*0855*^*00501*953206299*0*P*:~GS*HP*CHC*00962249*20260714*08553200*953206299*X*005010X221A1~ST*835*000000001~BPR*H*0*C*NON************20260714~TRN*1*260714190066735*1411648670~REF*EV*133052274~REF*F2*PM~DTM*405*20260714~N1*PR*EVERNORTH BEHAVIORAL HEALTH, INC.~N3*P.O. BOX 182223~N4*CHATTANOOGA*TN*374227223~REF*2U*62308~PER*BL*EDI HELP DESK*TE*8008103388~N1*PE*RENFREW CTR OF PA*XX*1417971904~N3*PO BOX 713700~N4*PHILADELPHIA*PA*191713700~REF*TJ*200994813~LX*1~TS3*1417971904*11*20261231*1*7500~CLP*CX157188X1*4*7500*0**13*7682618298249*11*2~NM1*QC*1*CACCIUTTOLO*ANDREA****MI*U7667653503~NM1*IL*1*CACCIUTTOLO*MARCO****MI*U7667653501~REF*1L*3341798~REF*CE*OPEN ACCESS PLUS~REF*EA*IDX136144X6~REF*BB*002615531917317~DTM*050*20260701~DTM*232*20260624~DTM*233*20260628~PER*CX*MEMBER SERVICES*TE*8002446224~SVC*NU:0912*1500*0****1~DTM*150*20260624~DTM*151*20260624~CAS*CO*199*1500~REF*6R*CX157188X67745.003~LQ*HE*N657~SVC*NU:0912*1500*0****1~DTM*150*20260625~DTM*151*20260625~CAS*CO*199*1500~REF*6R*CX157188X67746.003~LQ*HE*N657~SVC*NU:0912*1500*0****1~DTM*150*20260626~DTM*151*20260626~CAS*CO*199*1500~REF*6R*CX157188X67747.002~LQ*HE*N657~SVC*NU:0912*1500*0****1~DTM*150*20260627~DTM*151*20260627~CAS*CO*199*1500~REF*6R*CX157188X67748.002~LQ*HE*N657~SVC*NU:0912*1500*0****1~DTM*150*20260628~DTM*151*20260628~CAS*CO*199*1500~REF*6R*CX157188X67749.003~LQ*HE*N657~SE*59*000000001~ST*835*000000002~BPR*I*6670*C*ACH*CCP*01*004401195*DA*0000070420*1411648670**01*121000248*DA*4122170038*20260715~TRN*1*260711090045852*1411648670~REF*EV*133052274~REF*F2*PM~DTM*405*20260712~N1*PR*EVERNORTH BEHAVIORAL HEALTH, INC.~N3*P.O. BOX 182223~N4*CHATTANOOGA*TN*374227223~REF*2U*62308~PER*BL*EDI HELP DESK*TE*8008103388~N1*PE*RENFREW CTR OF PA*XX*1417971904~N3*PO BOX 713700~N4*PHILADELPHIA*PA*191713700~REF*TJ*200994813~LX*1~TS3*1417971904*11*20261231*1*15000~CLP*CX157415X1*1*15000*6670**13*7682618894418*11*4~NM1*QC*1*KOEHLER*BETHANY****MI*U0643892903~NM1*IL*1*KOEHLER*JACLYNN****MI*U0643892901~REF*1L*3343777~REF*CE*OPEN ACCESS PLUS~REF*EA*IDX136285X3~REF*G1*IP2760048356~REF*BB*002615531917436~DTM*050*20260707~DTM*232*20260629~DTM*233*20260703~PER*CX*MEMBER SERVICES*TE*8002446224~AMT*AU*6670~SVC*NU:1001*3000*1334**1~DTM*150*20260629~DTM*151*20260629~CAS*CO*45*1666~REF*6R*CX157415X67750.003~AMT*B6*1334~SVC*NU:1001*3000*1334**1~DTM*150*20260630~DTM*151*20260630~CAS*CO*45*1666~REF*6R*CX157415X67751.003~AMT*B6*1334~SVC*NU:1001*3000*1334**1~DTM*150*20260701~DTM*151*20260701~CAS*CO*45*1666~REF*6R*CX157415X67752.005~AMT*B6*1334~SVC*NU:1001*3000*1334**1~DTM*150*20260702~DTM*151*20260702~CAS*CO*45*1666~REF*6R*CX157415X67753.002~AMT*B6*1334~SVC*NU:1001*3000*1334**1~DTM*150*20260703~DTM*151*20260703~CAS*CO*45*1666~REF*6R*CX157415X67754.003~AMT*B6*1334~SE*61*000000002~GE*2*953206299~IEA*1*953206299~