ISA*00*          *00*          *ZZ*CHC            *ZZ*00962249       *260603*1314*^*00501*537207642*0*P*:~GS*HP*CHC*00962249*20260603*13140500*537207642*X*005010X221A1~ST*835*000000001~BPR*I*12208*C*ACH*CCP*01*043301627*DA*1069954659C*1341858379**01*121000248*DA*4122170038*20260605~TRN*1*1247841674*1341858379~DTM*405*20260603~N1*PR*INDEPENDENCE BLUE CROSS, LLC~N3*1901 MARKET STREET~N4*PHILADELPHIA*PA*19103~REF*2U*SX055~PER*CX*EDI SUPPORT TEAM*FX*4408355656*TE*4408353511~PER*BL*EDI SUPPORT TEAM~N1*PE*PA THE RENFREW CENTERS*XX*1417971904~N3*PO BOX 823700~N4*PHILADELPHIA*PA*19182~REF*TJ*200994813~LX*1~CLP*CX154583X2*1*6000*2756*120*ZZ*2026117108989*13*3~NM1*QC*1*MARTIN*KATHRYN****MI*2529903800~NM1*IL*1*MARTIN*MARIE****MI*2529903800~REF*CE*901865919~DTM*232*20260420~DTM*233*20260424~DTM*050*20260528~PER*CX**TE*4408353511~AMT*AU*2876~SVC*NU:0912*1500*689**1**0~DTM*472*20260420~CAS*CO*45*781*1~CAS*PR*3*30*1~REF*6R*CX154583X67680.002~AMT*B6*719~SVC*NU:0912*1500*689**1**0~DTM*472*20260421~CAS*CO*45*781*1~CAS*PR*3*30*1~REF*6R*CX154583X67681.002~AMT*B6*719~SVC*NU:0912*1500*689**1**0~DTM*472*20260423~CAS*CO*45*781*1~CAS*PR*3*30*1~REF*6R*CX154583X67683.002~AMT*B6*719~SVC*NU:0912*1500*689**1**0~DTM*472*20260424~CAS*CO*45*781*1~CAS*PR*3*30*1~REF*6R*CX154583X67684.002~AMT*B6*719~CLP*CX155766X1*1*3000*1568**ZZ*2026147041909*13*3~NM1*QC*1*HENRY*MADELINE****MI*2502385200~NM1*IL*1*HENRY*ANDREW*P***MI*2502385200~REF*CE*901876591~DTM*232*20260518~DTM*233*20260521~DTM*050*20260528~PER*CX**TE*4408353511~AMT*AU*1568~SVC*NU:0905*750*392**1**0~DTM*472*20260518~CAS*CO*45*358*1~REF*6R*CX155766X67708.002~AMT*B6*392~SVC*NU:0905*750*392**1**0~DTM*472*20260519~CAS*CO*45*358*1~REF*6R*CX155766X67709.001~AMT*B6*392~SVC*NU:0905*750*392**1**0~DTM*472*20260520~CAS*CO*45*358*1~REF*6R*CX155766X67710.001~AMT*B6*392~SVC*NU:0905*750*392**1**0~DTM*472*20260521~CAS*CO*45*358*1~REF*6R*CX155766X67711.001~AMT*B6*392~CLP*CX155783X1*1*2250*1041*135*ZZ*2026147041914*13*3~NM1*QC*1*SMITH*AMANDA****MI*2505364700~NM1*IL*1*SMITH*DANA*K.***MI*2505364700~REF*CE*901870724~DTM*232*20260518~DTM*233*20260521~DTM*050*20260528~PER*CX**TE*4408353511~AMT*AU*1176~SVC*NU:0905*750*347**1**0~DTM*472*20260518~CAS*CO*45*358*1~CAS*PR*3*45*1~REF*6R*CX155783X67708.002~AMT*B6*392~SVC*NU:0905*750*347**1**0~DTM*472*20260520~CAS*CO*45*358*1~CAS*PR*3*45*1~REF*6R*CX155783X67710.002~AMT*B6*392~SVC*NU:0905*750*347**1**0~DTM*472*20260521~CAS*CO*45*358*1~CAS*PR*3*45*1~REF*6R*CX155783X67711.001~AMT*B6*392~CLP*CX155770X5*1*2250*1131*45*ZZ*2026147041922*13*3~NM1*QC*1*PENCE*KAIA****MI*2520217300~NM1*IL*1*PENCE*DAVID*R***MI*2520217300~REF*CE*901861260~DTM*232*20260519~DTM*233*20260522~DTM*050*20260528~PER*CX**TE*4408353511~AMT*AU*1176~SVC*NU:0905*750*377**1**0~DTM*472*20260519~CAS*CO*45*358*1~CAS*PR*3*15*1~REF*6R*CX155770X67709.001~AMT*B6*392~SVC*NU:0905*750*377**1**0~DTM*472*20260520~CAS*CO*45*358*1~CAS*PR*3*15*1~REF*6R*CX155770X67710.002~AMT*B6*392~SVC*NU:0905*750*377**1**0~DTM*472*20260522~CAS*CO*45*358*1~CAS*PR*3*15*1~REF*6R*CX155770X67712.002~AMT*B6*392~CLP*CX155762X5*1*6000*2846*30*ZZ*2026147041924*13*4~NM1*QC*1*DANCER*CARLY*P***MI*2519000500~NM1*IL*1*DANCER*MICHELE*B***MI*2519000500~REF*CE*901861305~DTM*232*20260518~DTM*233*20260521~DTM*050*20260528~PER*CX**TE*4408353511~AMT*AU*2876~SVC*NU:0912*1500*699**1**0~DTM*472*20260518~CAS*CO*45*781*1~CAS*PR*3*20*1~REF*6R*CX155762X67708.002~AMT*B6*719~SVC*NU:0912*1500*709**1**0~DTM*472*20260519~CAS*CO*45*781*1~CAS*PR*3*10*1~REF*6R*CX155762X67709.001~AMT*B6*719~SVC*NU:0912*1500*719**1**0~DTM*472*20260520~CAS*CO*45*781*1~REF*6R*CX155762X67710.002~AMT*B6*719~SVC*NU:0912*1500*719**1**0~DTM*472*20260521~CAS*CO*45*781*1~REF*6R*CX155762X67711.001~AMT*B6*719~CLP*CX155769X4*1*1500*724*60*ZZ*2026147041925*13*3~NM1*QC*1*MARTIN*KATHRYN****MI*2529903800~NM1*IL*1*MARTIN*MARIE****MI*2529903800~REF*CE*901865919~DTM*232*20260518~DTM*233*20260521~DTM*050*20260528~PER*CX**TE*4408353511~AMT*AU*784~SVC*NU:0905*750*362**1**0~DTM*472*20260518~CAS*CO*45*358*1~CAS*PR*3*30*1~REF*6R*CX155769X67708.002~AMT*B6*392~SVC*NU:0905*750*362**1**0~DTM*472*20260521~CAS*CO*45*358*1~CAS*PR*3*30*1~REF*6R*CX155769X67711.001~AMT*B6*392~CLP*CX155768X3*1*2250*1056*120*ZZ*2026147041931*13*4~NM1*QC*1*ALLEGRA*KRISTEN*N***MI*2522202900~REF*CE*901855610~DTM*232*20260518~DTM*233*20260521~DTM*050*20260528~PER*CX**TE*4408353511~AMT*AU*1176~SVC*NU:0905*750*352**1**0~DTM*472*20260518~CAS*CO*45*358*1~CAS*PR*3*40*1~REF*6R*CX155768X67708.001~AMT*B6*392~SVC*NU:0905*750*352**1**0~DTM*472*20260520~CAS*CO*45*358*1~CAS*PR*3*40*1~REF*6R*CX155768X67710.001~AMT*B6*392~SVC*NU:0905*750*352**1**0~DTM*472*20260521~CAS*CO*45*358*1~CAS*PR*3*40*1~REF*6R*CX155768X67711.001~AMT*B6*392~CLP*CX155767X2*1*2250*1086*90*ZZ*2026147041935*13*4~NM1*QC*1*MARTIN*MORGAN****MI*2529898300~NM1*IL*1*MARTIN*CRAIG****MI*2529898300~REF*CE*901865919~DTM*232*20260518~DTM*233*20260521~DTM*050*20260528~PER*CX**TE*4408353511~AMT*AU*1176~SVC*NU:0905*750*362**1**0~DTM*472*20260518~CAS*CO*45*358*1~CAS*PR*3*30*1~REF*6R*CX155767X67708.001~AMT*B6*392~SVC*NU:0905*750*362**1**0~DTM*472*20260520~CAS*CO*45*358*1~CAS*PR*3*30*1~REF*6R*CX155767X67710.001~AMT*B6*392~SVC*NU:0905*750*362**1**0~DTM*472*20260521~CAS*CO*45*358*1~CAS*PR*3*30*1~REF*6R*CX155767X67711.001~AMT*B6*392~SE*237*000000001~ST*835*000000002~BPR*I*8432*C*ACH*CCP*01*043301627*DA*1069954659C*1341858379**01*121000248*DA*4122170038*20260605~TRN*1*1247841673*1341858379~DTM*405*20260603~N1*PR*INDEPENDENCE ADMINISTRATORS~N3*PO BOX 21974~N4*EAGAN*MN*55121~REF*2U*SX055~PER*CX*EDI SUPPORT TEAM*FX*4408355656*TE*4408353511~PER*BL*EDI SUPPORT TEAM~N1*PE*PA THE RENFREW CENTERS*XX*1417971904~N3*PO BOX 823700~N4*PHILADELPHIA*PA*19182~REF*TJ*200994813~LX*1~CLP*CX143804X1*1*6000*2680*100*ZZ*2025345075017*13*3~NM1*QC*1*BEAHAN*MATTELYNN*G***MI*0142619401~NM1*IL*1*BEAHAN*GINALYN*D***MI*0142619401~REF*CE*901861281~DTM*232*20250728~DTM*233*20250731~DTM*050*20260528~PER*CX**TE*4408353511~AMT*AU*2780~SVC*NU:0912*1500*670**1**0~DTM*472*20250728~CAS*CO*45*805*1~CAS*PR*3*25*1~REF*6R*342319964437556001~AMT*B6*695~SVC*NU:0912*1500*670**1**0~DTM*472*20250729~CAS*CO*45*805*1~CAS*PR*3*25*1~REF*6R*342319964437556002~AMT*B6*695~SVC*NU:0912*1500*670**1**0~DTM*472*20250730~CAS*CO*45*805*1~CAS*PR*3*25*1~REF*6R*342319964437556003~AMT*B6*695~SVC*NU:0912*1500*670**1**0~DTM*472*20250731~CAS*CO*45*805*1~CAS*PR*3*25*1~REF*6R*342319964437556004~AMT*B6*695~CLP*CX155544X1*1*7500*2876*719*ZZ*2026145008497*13*4~NM1*QC*1*CASSANO*ASHLEY*M***MI*2181805100~NM1*IL*1*CASSANO*RICHARD*F***MI*2181805100~REF*CE*901884741~DTM*232*20260511~DTM*233*20260515~DTM*050*20260528~PER*CX**TE*4408353511~AMT*AU*3595~SVC*NU:0912*1500*575.2**1**0~DTM*472*20260511~CAS*CO*45*781*1~CAS*PR*2*143.8*1~REF*6R*CX155544X67701.002~AMT*B6*719~SVC*NU:0912*1500*575.2**1**0~DTM*472*20260512~CAS*CO*45*781*1~CAS*PR*2*143.8*1~REF*6R*CX155544X67702.001~AMT*B6*719~SVC*NU:0912*1500*575.2**1**0~DTM*472*20260513~CAS*CO*45*781*1~CAS*PR*2*143.8*1~REF*6R*CX155544X67703.002~AMT*B6*719~SVC*NU:0912*1500*575.2**1**0~DTM*472*20260514~CAS*CO*45*781*1~CAS*PR*2*143.8*1~REF*6R*CX155544X67704.001~AMT*B6*719~SVC*NU:0912*1500*575.2**1**0~DTM*472*20260515~CAS*CO*45*781*1~CAS*PR*2*143.8*1~REF*6R*CX155544X67705.002~AMT*B6*719~CLP*CX155288X1*1*7500*2876*719*ZZ*2026145008498*13*3~NM1*QC*1*CASSANO*ASHLEY*M***MI*2181805100~NM1*IL*1*CASSANO*RICHARD*F***MI*2181805100~REF*CE*901884741~DTM*232*20260504~DTM*233*20260508~DTM*050*20260528~PER*CX**TE*4408353511~AMT*AU*3595~SVC*NU:0912*1500*575.2**1**0~DTM*472*20260504~CAS*CO*45*781*1~CAS*PR*2*143.8*1~REF*6R*CX155288X67694.001~AMT*B6*719~SVC*NU:0912*1500*575.2**1**0~DTM*472*20260505~CAS*CO*45*781*1~CAS*PR*2*143.8*1~REF*6R*CX155288X67695.001~AMT*B6*719~SVC*NU:0912*1500*575.2**1**0~DTM*472*20260506~CAS*CO*45*781*1~CAS*PR*2*143.8*1~REF*6R*CX155288X67696.001~AMT*B6*719~SVC*NU:0912*1500*575.2**1**0~DTM*472*20260507~CAS*CO*45*781*1~CAS*PR*2*143.8*1~REF*6R*CX155288X67697.001~AMT*B6*719~SVC*NU:0912*1500*575.2**1**0~DTM*472*20260508~CAS*CO*45*781*1~CAS*PR*2*143.8*1~REF*6R*CX155288X67698.003~AMT*B6*719~SE*127*000000002~GE*2*537207642~IEA*1*537207642~