ISA*00*          *00*          *ZZ*CHC            *ZZ*00962249       *260710*0345*^*00501*687807185*0*P*:~GS*HP*CHC*00962249*20260710*03454100*687807185*X*005010X221A1~ST*835*000000001~BPR*I*23839*C*ACH*CCP*01*124384877*DA*1470858534*1411289245*000087726*01*121000248*DA*4122170038*20260714~TRN*1*W365007025*1411289245*000087726~REF*EV*B00099999800~REF*F2*1083~DTM*405*20260709~N1*PR*UNITED HEALTHCARE INSURANCE COMPANY~N3*9900 BREN ROAD~N4*MINNETONKA*MN*553439664~REF*2U*87726~PER*CX*ATLANTA SERVICE CENTER*TE*8778423210~PER*BL*UNKNOWN*UR*WWW.UNITEDHEALTHCAREONLINE.COM/B2C/CONTACTUS.DO~N1*PE*THE RENFREW CENTER OF PENNSYLVANIA LLC*XX*1417971904~N3*PO BOX 823700~N4*PHILADELPHIA*PA*19182~REF*TJ*200994813~LX*1~TS3*1417971904*11*20261231*5*63000~CLP*CX157466X1*1*2250*888**14*FV80574785 0087701598*13*3~NM1*QC*1*BULL*LILLIAN~NM1*IL*1*BULL*JESSE****MI*995586188~REF*G1*JFNQFY-01~REF*CE*CHOYC~REF*BB*JFNQFY01~REF*1L*920923~REF*EA*IDX135275X6~DTM*232*20260629~DTM*233*20260702~DTM*050*20260707~AMT*AU*2250~SVC*HC:S9480*750*296*0905*1~DTM*150*20260629~DTM*151*20260702~CAS*CO*45*454~REF*6R*CX157466X67750.002~AMT*B6*296~SVC*HC:S9480*750*296*0905*1~DTM*150*20260629~DTM*151*20260702~CAS*CO*45*454~REF*6R*CX157466X67752.003~AMT*B6*296~SVC*HC:S9480*750*296*0905*1~DTM*150*20260629~DTM*151*20260702~CAS*CO*45*454~REF*6R*CX157466X67753.003~AMT*B6*296~CLP*CX157445X1*1*2250*888**13*FV80574831 0370799920*13*3~NM1*QC*1*NGUYEN*MICHELLE~NM1*IL*1*NGUYEN*MILLER****MI*971084356~REF*EA*IDX114450X11~REF*BB*ZPKNQR01~REF*CE*CHOYC+~REF*G1*ZPKNQR-01~REF*1L*921741~DTM*232*20260630~DTM*233*20260702~DTM*050*20260707~AMT*AU*2250~SVC*HC:S9480*750*296*0905*1~DTM*150*20260630~DTM*151*20260702~CAS*CO*45*454~REF*6R*CX157445X67751.003~AMT*B6*296~SVC*HC:S9480*750*296*0905*1~DTM*150*20260630~DTM*151*20260702~CAS*CO*45*454~REF*6R*CX157445X67752.002~AMT*B6*296~SVC*HC:S9480*750*296*0905*1~DTM*150*20260630~DTM*151*20260702~CAS*CO*45*454~REF*6R*CX157445X67753.001~AMT*B6*296~CLP*CX156913X1*1*16500*6369**14*FV40197341 0087712492*13*1~NM1*QC*1*FOX*FAITH~NM1*IL*1*FOX*FAITH****MI*926780481~NM1*74*1**PHILIP*R~REF*BB*H2VG8F01~REF*EA*IDX135102X6~REF*CE*NEX OA~REF*1L*920923~REF*G1*H2VG8F-01~DTM*232*20260611~DTM*233*20260621~DTM*050*20260624~AMT*AU*16500~SVC*HC:H0035*1500*579*0912*1~DTM*150*20260611~DTM*151*20260621~CAS*CO*45*921~REF*6R*CX156913X67732.003~AMT*B6*579~SVC*HC:H0035*1500*579*0912*1~DTM*150*20260611~DTM*151*20260621~CAS*CO*45*921~REF*6R*CX156913X67733.004~AMT*B6*579~SVC*HC:H0035*1500*579*0912*1~DTM*150*20260611~DTM*151*20260621~CAS*CO*45*921~REF*6R*CX156913X67734.004~AMT*B6*579~SVC*HC:H0035*1500*579*0912*1~DTM*150*20260611~DTM*151*20260621~CAS*CO*45*921~REF*6R*CX156913X67735.003~AMT*B6*579~SVC*HC:H0035*1500*579*0912*1~DTM*150*20260611~DTM*151*20260621~CAS*CO*45*921~REF*6R*CX156913X67736.004~AMT*B6*579~SVC*HC:H0035*1500*579*0912*1~DTM*150*20260611~DTM*151*20260621~CAS*CO*45*921~REF*6R*CX156913X67737.005~AMT*B6*579~SVC*HC:H0035*1500*579*0912*1~DTM*150*20260611~DTM*151*20260621~CAS*CO*45*921~REF*6R*CX156913X67738.004~AMT*B6*579~SVC*HC:H0035*1500*579*0912*1~DTM*150*20260611~DTM*151*20260621~CAS*CO*45*921~REF*6R*CX156913X67739.002~AMT*B6*579~SVC*HC:H0035*1500*579*0912*1~DTM*150*20260611~DTM*151*20260621~CAS*CO*45*921~REF*6R*CX156913X67740.003~AMT*B6*579~SVC*HC:H0035*1500*579*0912*1~DTM*150*20260611~DTM*151*20260621~CAS*CO*45*921~REF*6R*CX156913X67741.002~AMT*B6*579~SVC*HC:H0035*1500*579*0912*1~DTM*150*20260611~DTM*151*20260621~CAS*CO*45*921~REF*6R*CX156913X67742.001~AMT*B6*579~CLP*CX156878X2*1*21000*7847**13*FV40197347 0089369995*11*3**887~NM1*QC*1*WEGNER*LAUREN~NM1*IL*1*WEGNER*TORSTEN****MI*984804946~REF*CE*CHOYC+~REF*EA*IDX133114X9~REF*1L*928108~REF*BB*FRSVVU01~REF*G1*FRSVVU-01~DTM*232*20260615~DTM*233*20260621~DTM*050*20260624~AMT*AU*21000~SVC*NU:1001*3000*1121**1~DTM*150*20260615~DTM*151*20260621~CAS*CO*45*1879~REF*6R*CX156878X67736.002~AMT*B6*1121~SVC*NU:1001*3000*1121**1~DTM*150*20260615~DTM*151*20260621~CAS*CO*45*1879~REF*6R*CX156878X67737.003~AMT*B6*1121~SVC*NU:1001*3000*1121**1~DTM*150*20260615~DTM*151*20260621~CAS*CO*45*1879~REF*6R*CX156878X67738.005~AMT*B6*1121~SVC*NU:1001*3000*1121**1~DTM*150*20260615~DTM*151*20260621~CAS*CO*45*1879~REF*6R*CX156878X67739.004~AMT*B6*1121~SVC*NU:1001*3000*1121**1~DTM*150*20260615~DTM*151*20260621~CAS*CO*45*1879~REF*6R*CX156878X67740.004~AMT*B6*1121~SVC*NU:1001*3000*1121**1~DTM*150*20260615~DTM*151*20260621~CAS*CO*45*1879~REF*6R*CX156878X67741.003~AMT*B6*1121~SVC*NU:1001*3000*1121**1~DTM*150*20260615~DTM*151*20260621~CAS*CO*45*1879~REF*6R*CX156878X67742.004~AMT*B6*1121~CLP*CX156879X3*1*21000*7847**13*FV40197348 0370839583*11*3**887~NM1*QC*1*COCO*MATTEO~NM1*IL*1*COCO*SCOTT****MI*984400976~NM1*74*1***C~REF*EA*IDX136326X3~REF*CE*CHOYC+~REF*G1*PHBCXY-01~REF*BB*PHBCXY01~REF*1L*911779~DTM*232*20260615~DTM*233*20260621~DTM*050*20260624~AMT*AU*21000~SVC*NU:1001*3000*1121**1~DTM*150*20260615~DTM*151*20260621~CAS*CO*45*1879~REF*6R*CX156879X67736.002~AMT*B6*1121~SVC*NU:1001*3000*1121**1~DTM*150*20260615~DTM*151*20260621~CAS*CO*45*1879~REF*6R*CX156879X67737.001~AMT*B6*1121~SVC*NU:1001*3000*1121**1~DTM*150*20260615~DTM*151*20260621~CAS*CO*45*1879~REF*6R*CX156879X67738.004~AMT*B6*1121~SVC*NU:1001*3000*1121**1~DTM*150*20260615~DTM*151*20260621~CAS*CO*45*1879~REF*6R*CX156879X67739.003~AMT*B6*1121~SVC*NU:1001*3000*1121**1~DTM*150*20260615~DTM*151*20260621~CAS*CO*45*1879~REF*6R*CX156879X67740.003~AMT*B6*1121~SVC*NU:1001*3000*1121**1~DTM*150*20260615~DTM*151*20260621~CAS*CO*45*1879~REF*6R*CX156879X67741.002~AMT*B6*1121~SVC*NU:1001*3000*1121**1~DTM*150*20260615~DTM*151*20260621~CAS*CO*45*1879~REF*6R*CX156879X67742.002~AMT*B6*1121~SE*267*000000001~GE*1*687807185~IEA*1*687807185~