ISA*00*          *00*          *ZZ*CHC            *ZZ*00962249       *260601*0635*^*00501*341003467*0*P*:~GS*HP*CHC*00962249*20260601*06354200*341003467*X*005010X221A1~ST*835*000000001~BPR*I*4139*C*ACH*CCP*01*031100225*DA*2079950064280/*1220999690*999999999*01*121000248*DA*4122170038*20260530~TRN*1*0031423693*1220999690*8352026053114071465~REF*EV*1164514691~DTM*405*20260530~N1*PR*HORIZON BCBSNJ~N3*P O  BOX 420~N4*NEWARK*NJ*071010420~REF*2U*22099~PER*BL*HORIZON BCBSNJ*EM*HORIZONEDI@HORIZONBLUE.COM*TE*8883349242~N1*PE*THE RENFREW CENTER OF NEW JERS*XX*1164514691~N3*PO BOX 713700~N4*PHILADELPHIA*PA*191713700~REF*PQ*001368~REF*TJ*223704728~LX*1~CLP*CX154897X1*1*7500*3185**13*780202612616485   00*13*3~NM1*QC*1*BURTON*SHARAYNE****MI*YKQ3HZN10160420~NM1*74*1******C*YKQ3HZN101604200~NM1*82*2*ASHLEY  HOADLEY*****XX*1821357682~DTM*232*20260427~DTM*233*20260501~DTM*050*20260505~PER*CX*ADVANTAGE EPO*TE*8003552583~AMT*AU*3185~AMT*T2*3185~SVC*HC:H0035*1500*637*0912*1~DTM*472*20260427~CAS*CO*45*863~REF*6R*CX154897X67687.004~REF*APC*00000~AMT*B6*637~SVC*HC:H0035*1500*637*0912*1~DTM*472*20260428~CAS*CO*45*863~REF*6R*CX154897X67688.003~REF*APC*00000~AMT*B6*637~SVC*HC:H0035*1500*637*0912*1~DTM*472*20260429~CAS*CO*45*863~REF*6R*CX154897X67689.004~REF*APC*00000~AMT*B6*637~SVC*HC:H0035*1500*637*0912*1~DTM*472*20260430~CAS*CO*45*863~REF*6R*CX154897X67690.002~REF*APC*00000~AMT*B6*637~SVC*HC:H0035*1500*637*0912*1~DTM*472*20260501~CAS*CO*45*863~REF*6R*CX154897X67691.001~REF*APC*00000~AMT*B6*637~CLP*CX154904X6*1*2250*954**13*780202612616621   00*13*3~NM1*QC*1*WELLBORN*GEORGIA****MI*YHQ3HZN74396740~NM1*IL*1*WELLBORN*TESSA****MI*YHQ3HZN74396740~NM1*74*1******C*YHQ3HZN743967404~NM1*82*2*ASHLEY  HOADLEY*****XX*1821357682~DTM*232*20260427~DTM*233*20260430~DTM*050*20260505~PER*CX*NATIONAL ACCOUNTS POS*TE*8006244758~AMT*AU*954~AMT*T2*954~SVC*HC:S9480*750*318*0905*1~DTM*472*20260427~CAS*CO*45*432~REF*6R*CX154904X67687.001~REF*APC*00000~AMT*B6*318~SVC*HC:S9480*750*318*0905*1~DTM*472*20260429~CAS*CO*45*432~REF*6R*CX154904X67689.002~REF*APC*00000~AMT*B6*318~SVC*HC:S9480*750*318*0905*1~DTM*472*20260430~CAS*CO*45*432~REF*6R*CX154904X67690.001~REF*APC*00000~AMT*B6*318~SE*86*000000001~GE*1*341003467~IEA*1*341003467~