ISA*00*          *00*          *ZZ*CHC            *ZZ*00962249       *260718*1726*^*00501*473806128*0*P*:~GS*HP*CHC*00962249*20260718*17263400*473806128*X*005010X221A1~ST*835*000000001~BPR*I*3208*C*CHK************20260717~TRN*1*964996386*1411648670~REF*EV*133052274~REF*F2*PM~DTM*405*20260718~N1*PR*EVERNORTH BEHAVIORAL HEALTH, INC.~N3*P.O. BOX 182223~N4*CHATTANOOGA*TN*374227223~REF*2U*62308~PER*BL*EDI HELP DESK*TE*8008103388~N1*PE*RENFREW CTR OF NEW YORK*XX*1568561298~N3*PO BOX 713700~N4*PHILADELPHIA*PA*191713700~REF*TJ*522227870~LX*1~TS3*1568561298*13*20261231*1*6000~CLP*CX158061X1*1*6000*3208**13*8672619793726*13*3~NM1*QC*1*WEINTRAUB*EMILY*B***MI*U9354088401~REF*1L*3333622~REF*CE*OPEN ACCESS PLUS IN-NETWORK~REF*EA*IDX136141X3~DTM*050*20260716~DTM*232*20260706~DTM*233*20260710~PER*CX*MEMBER SERVICES*TE*8002446224~AMT*AU*3208~SVC*HC:H0035*1500*802*0912*1~DTM*150*20260706~DTM*151*20260706~CAS*CO*45*698~REF*6R*CX158061X67757.001~AMT*B6*802~SVC*HC:H0035*1500*802*0912*1~DTM*150*20260708~DTM*151*20260708~CAS*CO*45*698~REF*6R*CX158061X67759.001~AMT*B6*802~SVC*HC:H0035*1500*802*0912*1~DTM*150*20260709~DTM*151*20260709~CAS*CO*45*698~REF*6R*CX158061X67760.002~AMT*B6*802~SVC*HC:H0035*1500*802*0912*1~DTM*150*20260710~DTM*151*20260710~CAS*CO*45*698~REF*6R*CX158061X67761.001~AMT*B6*802~SE*52*000000001~ST*835*000000002~BPR*I*814*C*CHK************20260717~TRN*1*964996862*1411648670~REF*EV*133052274~REF*F2*PM~DTM*405*20260718~N1*PR*EVERNORTH BEHAVIORAL HEALTH, INC.~N3*P.O. BOX 182223~N4*CHATTANOOGA*TN*374227223~REF*2U*62308~PER*BL*EDI HELP DESK*TE*8008103388~N1*PE*RENFREW CTR OF NEW YORK*XX*1568561298~N3*PO BOX 713700~N4*PHILADELPHIA*PA*191713700~REF*TJ*522227870~LX*1~TS3*1568561298*13*20261231*1*1500~CLP*CX158062X1*1*1500*814**13*8682619703731*13*3~NM1*QC*1*BERGER*EMILY****MI*U8797607301~REF*1L*3343043~REF*CE*OPEN ACCESS PLUS~REF*EA*IDX134556X5~REF*G1*NO AUTHORIZATION REQUIRED~DTM*050*20260716~DTM*232*20260708~DTM*233*20260709~PER*CX*MEMBER SERVICES*TE*8002446224~AMT*AU*814~SVC*HC:S9480*750*407*0905*1~DTM*150*20260708~DTM*151*20260708~CAS*CO*45*343~REF*6R*CX158062X67759.001~AMT*B6*407~SVC*HC:S9480*750*407*0905*1~DTM*150*20260709~DTM*151*20260709~CAS*CO*45*343~REF*6R*CX158062X67760.001~AMT*B6*407~SE*41*000000002~GE*2*473806128~IEA*1*473806128~