ISA*00*          *00*          *ZZ*CHC            *ZZ*00962249       *260625*1039*^*00501*459608894*0*P*:~GS*HP*CHC*00962249*20260625*10393800*459608894*X*005010X221A1~ST*835*000000001~BPR*I*5270*C*ACH*CCP*01*124384877*DA*1470858534*1411289245*000087726*01*121000248*DA*4122170038*20260629~TRN*1*26176B1000036021*1411289245*000087726~REF*EV*B00099999800~DTM*405*20260625~N1*PR*UNITED HEALTHCARE INSURANCE COMPANY~N3*PO BOX 30755~N4*SALT LAKE CITY*UT*841300755~REF*2U*87726~PER*CX*UNITED BEHAVIORAL HEALTH*TE*8003338724~PER*BL*UNKNOWN*UR*WWW.UNITEDHEALTHCAREONLINE.COM/B2C/CONTACTUS.DO~N1*PE*THE RENFREW CENTER OF FLORIDA LLC*XX*1912008137~N3*PO BOX 823700~N4*PHILADELPHIA*PA*19182~REF*TJ*200995125~LX*1~CLP*CX156451X2*1*15000*5270*250*15*26XF13155400*11*2~NM1*QC*1*BRODY*SUSAN****MI*R225801475~NM1*74*1***S***C*034522840~REF*G1*9NQK1D-01~REF*1L*AW023147~REF*CE*THE RENFREW CENTER OF FLORIDA LLC~REF*EA*IDX135763X5~DTM*232*20260603~DTM*233*20260607~DTM*050*20260610~AMT*AU*5520~SVC*NU:1001*3000*854**1~DTM*472*20260603~CAS*PR*3*250~CAS*CO*45*1896~REF*6R*CX156451X67724.004~REF*HPI*1912051558~AMT*B6*1104~SVC*NU:1001*3000*1104**1~DTM*472*20260604~CAS*CO*45*1896~REF*6R*CX156451X67725.003~REF*HPI*1912051558~AMT*B6*1104~SVC*NU:1001*3000*1104**1~DTM*472*20260605~CAS*CO*45*1896~REF*6R*CX156451X67726.002~REF*HPI*1912051558~AMT*B6*1104~SVC*NU:1001*3000*1104**1~DTM*472*20260606~CAS*CO*45*1896~REF*6R*CX156451X67727.002~REF*HPI*1912051558~AMT*B6*1104~SVC*NU:1001*3000*1104**1~DTM*472*20260607~CAS*CO*45*1896~REF*6R*CX156451X67728.001~REF*HPI*1912051558~AMT*B6*1104~SE*59*000000001~GE*1*459608894~IEA*1*459608894~