ISA*00*          *00*          *ZZ*CHC            *ZZ*00962249       *260605*0346*^*00501*665007198*0*P*:~GS*HP*CHC*00962249*20260605*03460700*665007198*X*005010X221A1~ST*835*000000001~BPR*I*2736*C*ACH*CCP*01*124384877*DA*1470858534*1411289245*000087726*01*121000248*DA*4122170038*20260609~TRN*1*W361606798*1411289245*000087726~REF*EV*B00099999800~REF*F2*1083~DTM*405*20260604~N1*PR*UNITED HEALTHCARE INSURANCE COMPANY~N3*9900 BREN ROAD~N4*MINNETONKA*MN*553439664~REF*2U*87726~PER*CX*ATLANTA SERVICE CENTER*TE*8778423210~PER*BL*UNKNOWN*UR*WWW.UNITEDHEALTHCAREONLINE.COM/B2C/CONTACTUS.DO~N1*PE*THE RENFREW CENTER OF FLORIDA LLC*XX*1912008137~N3*PO BOX 823700~N4*PHILADELPHIA*PA*19182~REF*TJ*200995125~LX*1~TS3*1912008137*13*20261231*3*6750~CLP*CX155342X1*1*2250*912**13*FT97709174 0368137906*13*3~NM1*QC*1*DUNN*HANNAH~NM1*IL*1*DUNN*STEVEN****MI*961236449~NM1*74*1***M~REF*1L*915187~REF*BB*747B6N01~REF*G1*747B6N-01~REF*EA*IDX134690X4~REF*CE*NEX OAP~DTM*232*20260504~DTM*233*20260508~DTM*050*20260513~PER*CX*CHICO SERVICE CENTER*TE*8778423210~AMT*AU*2250~SVC*HC:S9480*750*304*0905*1~DTM*150*20260504~DTM*151*20260508~CAS*CO*45*446~REF*6R*CX155342X67694.002~AMT*B6*304~SVC*HC:S9480*750*304*0905*1~DTM*150*20260504~DTM*151*20260508~CAS*CO*45*446~REF*6R*CX155342X67696.002~AMT*B6*304~SVC*HC:S9480*750*304*0905*1~DTM*150*20260504~DTM*151*20260508~CAS*CO*45*446~REF*6R*CX155342X67698.002~AMT*B6*304~CLP*CX155343X2*1*2250*912**13*FT97709175 0135115445*13*3~NM1*QC*1*YUHASZ*CURIE~NM1*IL*1*YUHASZ*ANDREW****MI*936013140~REF*EA*IDX135144X4~REF*G1*WLYS7T-01~REF*1L*905509~REF*CE*CHOYC+~REF*BB*WLYS7T01~DTM*232*20260505~DTM*233*20260507~DTM*050*20260513~PER*CX*BUFFALO SERVICE CENTER*TE*8778423210~AMT*AU*2250~SVC*HC:S9480*750*304*0905*1~DTM*150*20260505~DTM*151*20260507~CAS*CO*45*446~REF*6R*CX155343X67695.001~AMT*B6*304~SVC*HC:S9480*750*304*0905*1~DTM*150*20260505~DTM*151*20260507~CAS*CO*45*446~REF*6R*CX155343X67696.002~AMT*B6*304~SVC*HC:S9480*750*304*0905*1~DTM*150*20260505~DTM*151*20260507~CAS*CO*45*446~REF*6R*CX155343X67697.002~AMT*B6*304~CLP*CX156041X1*1*2250*912**13*FU68261058 0135216694*13*3~NM1*QC*1*YUHASZ*CURIE~NM1*IL*1*YUHASZ*ANDREW****MI*936013140~REF*1L*905509~REF*BB*WLYS7T01~REF*CE*CHOYC+~REF*G1*WLYS7T-01~REF*EA*IDX135144X4~DTM*232*20260526~DTM*233*20260528~DTM*050*20260603~PER*CX*BUFFALO SERVICE CENTER*TE*8778423210~AMT*AU*2250~SVC*HC:S9480*750*304*0905*1~DTM*150*20260526~DTM*151*20260528~CAS*CO*45*446~REF*6R*CX156041X67716.002~AMT*B6*304~SVC*HC:S9480*750*304*0905*1~DTM*150*20260526~DTM*151*20260528~CAS*CO*45*446~REF*6R*CX156041X67717.003~AMT*B6*304~SVC*HC:S9480*750*304*0905*1~DTM*150*20260526~DTM*151*20260528~CAS*CO*45*446~REF*6R*CX156041X67718.001~AMT*B6*304~SE*113*000000001~ST*835*000000002~BPR*I*1737*C*ACH*CCP*01*124384877*DA*720000662*1650996107*000087726*01*121000248*DA*4122170038*20260609~TRN*1*W361723181*1650996107*000087726~REF*EV*B00099999800~REF*F2*1083~DTM*405*20260604~N1*PR*UNITED HEALTHCARE INSURANCE COMPANY~N3*PO BOX 740800~N4*ATLANTA*GA*303740800~REF*2U*87726~PER*CX*ATLANTA SERVICE CENTER*TE*8778423210~PER*BL*UNKNOWN*UR*WWW.UNITEDHEALTHCAREONLINE.COM/B2C/CONTACTUS.DO~N1*PE*THE RENFREW CENTER OF FLORIDA LLC*XX*1912008137~N3*PO BOX 823700~N4*PHILADELPHIA*PA*19182~REF*TJ*200995125~LX*1~TS3*1912008137*13*20261231*1*4500~CLP*CX155579X2*1*4500*1737**HM*FU22395163 0108908921*13*3~NM1*QC*1*BANNON*KIRSTEN~NM1*IL*1*SERENO*MICHELLE****MI*909133304~NM1*74*1***A~REF*EA*IDX135705X3~REF*G1*E6VWDW~REF*CE*SEL+HMO~REF*BB*E6VWDW01~REF*1L*940065~DTM*232*20260511~DTM*233*20260513~DTM*050*20260520~AMT*AU*4500~SVC*HC:H0035*1500*579*0912*1~DTM*150*20260511~DTM*151*20260513~CAS*CO*45*921~REF*6R*CX155579X67701.002~AMT*B6*579~SVC*HC:H0035*1500*579*0912*1~DTM*150*20260511~DTM*151*20260513~CAS*CO*45*921~REF*6R*CX155579X67702.002~AMT*B6*579~SVC*HC:H0035*1500*579*0912*1~DTM*150*20260511~DTM*151*20260513~CAS*CO*45*921~REF*6R*CX155579X67703.001~AMT*B6*579~SE*50*000000002~GE*2*665007198~IEA*1*665007198~