ISA*00*          *00*          *ZZ*CHC            *ZZ*00962249       *260710*0345*^*00501*687807238*0*P*:~GS*HP*CHC*00962249*20260710*03454100*687807238*X*005010X221A1~ST*835*000000001~BPR*I*3768.6*C*ACH*CCP*01*124384877*DA*1470858534*1411289245*000087726*01*121000248*DA*4122170038*20260714~TRN*1*W365060359*1411289245*000087726~REF*EV*B00099999800~REF*F2*1083~DTM*405*20260709~N1*PR*UNITED HEALTHCARE INSURANCE COMPANY~N3*9900 BREN ROAD~N4*MINNETONKA*MN*553439664~REF*2U*87726~PER*CX*ATLANTA SERVICE CENTER*TE*8778423210~PER*BL*UNKNOWN*UR*WWW.UNITEDHEALTHCAREONLINE.COM/B2C/CONTACTUS.DO~N1*PE*THE RENFREW CENTER OF NEW YORK LLC*XX*1568561298~N3*PO BOX 823700~N4*PHILADELPHIA*PA*19182~REF*TJ*522227870~LX*1~TS3*1568561298*13*20261231*3*10500~CLP*CX156489X1*1*1500*571**12*FU91808767 0027097635*13*2~NM1*QC*1*BARSKY*OLIVIA~NM1*IL*1*BARSKY*ADAM****MI*977438065~NM1*74*1***L~REF*BB*W6K77F01~REF*G1*W6K77F-01~REF*EA*IDX136309X3~REF*1L*193266~REF*CE*OPT/PPO~DTM*232*20260604~DTM*233*20260604~DTM*050*20260610~PER*CX*BUFFALO SERVICE CENTER*TE*8778423210~AMT*AU*1500~SVC*HC:H0035*1500*571*0912*1~DTM*472*20260604~CAS*CO*45*929~REF*6R*CX156489X67725.001~AMT*B6*571~CLP*CX157519X2*1*3000*913.6*228.4*13*FV86119571 0082897695*13*2~NM1*QC*1*BUSTOS*SOPHIA~NM1*IL*1*BUSTOS*ERIKA****MI*824826464~REF*EA*IDX136450X3~REF*CE*CHOYC+~REF*BB*EWTZNK01~REF*1L*905531~DTM*232*20260701~DTM*233*20260702~DTM*050*20260708~PER*CX*GREENSBORO SERVICE CENTER*TE*8778423210~AMT*AU*3000~SVC*HC:H0035*1500*456.8*0912*1~DTM*150*20260701~DTM*151*20260702~CAS*PR*2*114.2~CAS*CO*45*929~REF*6R*CX157519X67752.001~AMT*B6*571~SVC*HC:H0035*1500*456.8*0912*1~DTM*150*20260701~DTM*151*20260702~CAS*CO*45*929~CAS*PR*2*114.2~REF*6R*CX157519X67753.002~AMT*B6*571~CLP*CX157518X1*1*6000*2284**13*FV86119573 0029439213*13*3~NM1*QC*1*YEE*NICOLE~NM1*IL*1*YEE*NICOLE****MI*000014068~NM1*74*1***L~REF*G1*87HJRC-01~REF*EA*IDX136297X3~REF*BB*87HJRC01~REF*1L*186359~REF*CE*CHOYC+~DTM*232*20260629~DTM*233*20260702~DTM*050*20260708~PER*CX*GREENSBORO SERVICE CENTER*TE*8778423210~AMT*AU*6000~SVC*HC:H0035*1500*571*0912*1~DTM*150*20260629~DTM*151*20260702~CAS*CO*45*929~REF*6R*CX157518X67750.002~AMT*B6*571~SVC*HC:H0035*1500*571*0912*1~DTM*150*20260629~DTM*151*20260702~CAS*CO*45*929~REF*6R*CX157518X67751.001~AMT*B6*571~SVC*HC:H0035*1500*571*0912*1~DTM*150*20260629~DTM*151*20260702~CAS*CO*45*929~REF*6R*CX157518X67752.002~AMT*B6*571~SVC*HC:H0035*1500*571*0912*1~DTM*150*20260629~DTM*151*20260702~CAS*CO*45*929~REF*6R*CX157518X67753.001~AMT*B6*571~SE*102*000000001~GE*1*687807238~IEA*1*687807238~