ISA*00*          *00*          *ZZ*CHC            *ZZ*00962249       *260608*0722*^*00501*948205275*0*P*:~GS*HP*CHC*00962249*20260608*07221300*948205275*X*005010X221A1~ST*835*000000001~BPR*I*1053*C*ACH*CCP*01*042100272*DA*7480795058*1591031071**01*121000248*DA*4122170038*20260608~TRN*1*603400888147*1591031071~REF*EV*133052274~REF*F2*GWFC~DTM*405*20260604~N1*PR*GREATWESTHEALTHCARE-CIGNA~N3*8505 E. ORCHARD RD~N4*GREENWOOD VILLAGE*CO*80111~REF*2U*62308~PER*CX*GWHC EDIPROD*EM*EDIESCALATEDREQUESTS@CIGNA.COM*TE*8008103388~PER*BL*EDI HELP DESK*TE*8008103388~N1*PE*RENFREW CENTER OF PENNSYLVANIA*XX*1417971904~N3*PO BOX 828577~N4*PHILADELPHIA*PA*191820001~REF*PQ*200006054179~REF*TJ*200994813~LX*1~TS3*1417971904*13*20261231*2*2250~CLP*CX156020X1*1*750*351**13*262035117700*13*4~NM1*QC*1*REESE*THEODORA*P***MI*11103999602~NM1*IL*1*REESE*TAREN*C***MI*11103999600~REF*1L*00655372~REF*CE*OPEN ACCESS PLUS~REF*EA*IDX135035X4~REF*G1*NO AUTH REQUIRED~DTM*050*20260603~DTM*232*20260529~DTM*233*20260529~AMT*AU*351~SVC*HC:S9480*750*351*0905*1~CAS*CO*45*399~REF*APC*0~REF*6R*CX156020X67719.001~AMT*B6*351~CLP*CX156008X2*1*1500*702**13*262034989000*13*3~NM1*QC*1*THOMAS*CHRISTA****MI*11211822401~NM1*IL*1*THOMAS*MICHAEL*J***MI*11211822400~REF*1L*00660177~REF*CE*OPEN ACCESS PLUS~REF*EA*IDX136072X3~REF*G1*NO AUTH REQUIRED~DTM*050*20260603~DTM*232*20260526~DTM*233*20260527~AMT*AU*702~SVC*HC:S9480*750*351*0905*1~DTM*150*20260526~DTM*151*20260526~CAS*CO*45*399~REF*APC*0~REF*6R*CX156008X67716.001~AMT*B6*351~SVC*HC:S9480*750*351*0905*1~DTM*150*20260527~DTM*151*20260527~CAS*CO*45*399~REF*APC*0~REF*6R*CX156008X67717.001~AMT*B6*351~SE*61*000000001~GE*1*948205275~IEA*1*948205275~