ISA*00*          *00*          *ZZ*CHC            *ZZ*00962249       *260609*0834*^*00501*930406426*0*P*:~GS*HP*CHC*00962249*20260609*08344700*930406426*X*005010X221A1~ST*835*000000001~BPR*I*639*C*ACH*CCP*01*124384877*DA*720000305*1411289245*000087726*01*121000248*DA*4122170038*20260611~TRN*1*54936461*1411289245*000087726~REF*EV*BFT220003440~REF*F2*1284~DTM*405*20260608~N1*PR*UNITED HEALTHCARE INSURANCE COMPANY~N3*4 RESEARCH DRIVE~N4*SHELTON*CT*064846280~REF*2U*87726~PER*CX*PROVIDER ESOLUTIONS*TE*8778423210~PER*BL*OPERATIONS*TE*8662740906~N1*PE*THE RENFREW CENTER OF NEW YORK LLC*XX*1568561298~N3*PO BOX 823700~N4*PHILADELPHIA*PA*19182~REF*TJ*522227870~LX*1~TS3*P1999009*01*20261231*1*2250~CLP*135245*1*2250*639*210*HM*FU34975011*01*4~NM1*QC*1*LEBERSFELD*GRACIE~NM1*IL*1*LEBERSFELD*JASON****MI*79204676800~NM1*74*1**GRACIE~REF*CE*OPTUM HEALTH BEHAVIORAL SERVICES  OHBS~DTM*232*20260401~DTM*233*20260409~AMT*AU*849~SVC*HC:S9480:95*750*213*0905*0~DTM*472*20260401~CAS*CO*45*467~CAS*PR*3*70~REF*6R*142336750009556001~AMT*B6*283~SVC*HC:S9480:95*750*213*0905*0~DTM*472*20260406~CAS*CO*45*467~CAS*PR*3*70~REF*6R*142336750009556002~AMT*B6*283~SVC*HC:S9480:95*750*213*0905*0~DTM*472*20260409~CAS*CO*45*467~CAS*PR*3*70~REF*6R*142336750009556003~AMT*B6*283~SE*45*000000001~GE*1*930406426~IEA*1*930406426~