ISA*00*          *00*          *ZZ*CHC            *ZZ*00962249       *260622*0820*^*00501*151206484*0*P*:~GS*HP*CHC*00962249*20260622*08204400*151206484*X*005010X221A1~ST*835*000000001~BPR*I*323*C*ACH*CCP*01*042100272*DA*7480795058*1591031071**01*121000248*DA*4122170038*20260622~TRN*1*603100910044*1591031071~REF*EV*133052274~REF*F2*GWFC~DTM*405*20260616~N1*PR*GREATWESTHEALTHCARE-CIGNA~N3*8505 E. ORCHARD RD~N4*GREENWOOD VILLAGE*CO*80111~REF*2U*62308~PER*CX*GWHC EDIPROD*EM*EDIESCALATEDREQUESTS@CIGNA.COM*TE*8008103388~PER*BL*EDI HELP DESK*TE*8008103388~N1*PE*RENFREW CENTER OF FLORIDA LLC*XX*1912008137~N3*PO BOX 713700~N4*PHILADELPHIA*PA*191713700~REF*TJ*200995125~LX*1~TS3*1912008137*13*20261231*1*750~CLP*CX156467X1*1*750*323**13*262128943500*13*2~NM1*QC*1*LOUHIER*MEGAN****MI*11251225200~REF*1L*00656485~REF*CE*OPEN ACCESS PLUS~REF*EA*IDX106977X14~REF*G1*N/A--NO AUTH REQUIRED~DTM*050*20260610~DTM*232*20260604~DTM*233*20260604~AMT*AU*323~SVC*HC:S9480:95*750*323*0905*1~CAS*CO*45*427~REF*APC*0~REF*6R*CX156467X67725.002~AMT*B6*323~SE*34*000000001~GE*1*151206484~IEA*1*151206484~