ISA*00*          *00*          *ZZ*CHC            *ZZ*00962249       *260720*0651*^*00501*570403187*0*P*:~GS*HP*CHC*00962249*20260720*06514700*570403187*X*005010X221A1~ST*835*000000001~BPR*I*4346*C*ACH*CCP*01*031100225*DA*4058564014/*1220999690*999999999*01*121000248*DA*4122170038*20260718~TRN*1*0077414194*1220999690*8352026071911392129~REF*EV*1164514691~DTM*405*20260718~N1*PR*HORIZON BCBSNJ~N3*P O  BOX 420~N4*NEWARK*NJ*071010420~REF*2U*22099~PER*BL*HORIZON BCBSNJ*EM*HORIZONEDI@HORIZONBLUE.COM*TE*8883349242~N1*PE*THE RENFREW CENTER OF NEW JERS*XX*1164514691~N3*PO BOX 713700~N4*PHILADELPHIA*PA*191713700~REF*PQ*001368~REF*TJ*223704728~LX*1~CLP*CX157504X2*1*2250*844*110*12*780202618914159   00*13*3~NM1*QC*1*GENDEK*AGNES****MI*NJX3HZN54755660~NM1*IL*1*GENDEK*JEFF****MI*NJX3HZN54755660~NM1*74*1**JEFFREY****C*NJX3HZN547556600~NM1*82*2*ASHLEY  HOADLEY*****XX*1821357682~DTM*232*20260629~DTM*233*20260702~DTM*050*20260707~PER*CX*NJ DIRECT*TE*8886662535~AMT*AU*954~AMT*T2*844~SVC*HC:S9480*750*208*0905*1~DTM*472*20260629~CAS*PR*1*110~CAS*CO*45*432~REF*6R*CX157504X67750.003~REF*APC*00000~AMT*B6*318~SVC*HC:S9480*750*318*0905*1~DTM*472*20260701~CAS*CO*45*432~REF*6R*CX157504X67752.001~REF*APC*00000~AMT*B6*318~SVC*HC:S9480*750*318*0905*1~DTM*472*20260702~CAS*CO*45*432~REF*6R*CX157504X67753.001~REF*APC*00000~AMT*B6*318~CLP*CX158031X1*1*750*318**13*780202619716563   00*13*3~NM1*QC*1*DEMCZUK*OLIVIA****MI*NJX3HZN97411020~NM1*IL*1*DEMCZUK*MELISSA****MI*NJX3HZN97411020~NM1*74*1******C*NJX3HZN974110200~NM1*82*2*ASHLEY  HOADLEY*****XX*1821357682~DTM*232*20260707~DTM*233*20260707~DTM*050*20260716~PER*CX*NATIONAL ACCOUNTS PPO*TE*8006244758~AMT*AU*318~AMT*T2*318~SVC*HC:S9480*750*318*0905*1~DTM*472*20260707~CAS*CO*45*432~REF*6R*CX158031X67758.001~REF*APC*00000~AMT*B6*318~CLP*CX158034X4*1*1500*636**13*780202619716532   00*13*3~NM1*QC*1*PACHECO*AMAYA****MI*NJX3HZN45968780~NM1*IL*1*PACHECO*FELIX****MI*NJX3HZN45968780~NM1*74*1******C*NJX3HZN459687800~NM1*82*2*ASHLEY  HOADLEY*****XX*1821357682~DTM*232*20260706~DTM*233*20260708~DTM*050*20260716~PER*CX*NATIONAL ACCOUNTS PPO*TE*8006244758~AMT*AU*636~AMT*T2*636~SVC*HC:S9480*750*318*0905*1~DTM*472*20260706~CAS*CO*45*432~REF*6R*CX158034X67757.001~REF*APC*00000~AMT*B6*318~SVC*HC:S9480*750*318*0905*1~DTM*472*20260708~CAS*CO*45*432~REF*6R*CX158034X67759.001~REF*APC*00000~AMT*B6*318~CLP*CX158028X1*1*6000*2548**13*780202619716517   00*13*3~NM1*QC*1*SIMON*KATELYN****MI*NJX3HZN64715860~NM1*IL*1*SHELLY-SIMON*KATHLEEN****MI*NJX3HZN64715860~NM1*74*1*SHELLEY SIMON*****C*NJX3HZN647158600~NM1*82*2*ASHLEY  HOADLEY*****XX*1821357682~DTM*232*20260706~DTM*233*20260710~DTM*050*20260716~PER*CX*NATIONAL ACCOUNTS PPO*TE*8006244758~AMT*AU*2548~AMT*T2*2548~SVC*HC:H0035*1500*637*0912*1~DTM*472*20260706~CAS*CO*45*863~REF*6R*CX158028X67757.001~REF*APC*00000~AMT*B6*637~SVC*HC:H0035*1500*637*0912*1~DTM*472*20260707~CAS*CO*45*863~REF*6R*CX158028X67758.001~REF*APC*00000~AMT*B6*637~SVC*HC:H0035*1500*637*0912*1~DTM*472*20260708~CAS*CO*45*863~REF*6R*CX158028X67759.001~REF*APC*00000~AMT*B6*637~SVC*HC:H0035*1500*637*0912*1~DTM*472*20260710~CAS*CO*45*863~REF*6R*CX158028X67761.002~REF*APC*00000~AMT*B6*637~SE*122*000000001~GE*1*570403187~IEA*1*570403187~