ISA*00*          *00*          *ZZ*CHC            *ZZ*00962249       *260711*1114*^*00501*828205317*0*P*:~GS*HP*CHC*00962249*20260711*11143400*828205317*X*005010X221A1~ST*835*000000001~BPR*H*0*C*NON************20260711~TRN*1*610071297361*1591031071~REF*EV*133052274~REF*F2*GWFC~DTM*405*20260709~N1*PR*GREATWESTHEALTHCARE-CIGNA~N3*8505 E. ORCHARD RD~N4*GREENWOOD VILLAGE*CO*80111~REF*2U*62308~PER*CX*GWHC EDIPROD*EM*EDIESCALATEDREQUESTS@CIGNA.COM*TE*8008103388~PER*BL*EDI HELP DESK*TE*8008103388~N1*PE*RENFREW CENTER OF MARYLAND*XX*1093940405~N3*PO BOX 713700~N4*PHILADELPHIA*PA*19171~REF*PQ*200005884353~REF*TJ*264628647~LX*1~TS3*1093940405*13*20261231*1*6000~CLP*CX149053X3*4*6000*0**13*262496621400*13*3~NM1*QC*1*WALTERS*CHLOE****MI*11037006903~NM1*IL*1*WALTERS*JUSTIN*A***MI*11037006900~REF*1L*00629880~REF*CE*OPEN ACCESS PLUS~REF*EA*IDX134588X3~REF*G1*CAROL T, 10/27/2025~DTM*050*20260708~DTM*232*20251202~DTM*233*20251205~SVC*HC:H0035*1500*0*0912*1~DTM*150*20251202~DTM*151*20251202~CAS*CO*29*1500~REF*6R*188341209538556001~SVC*HC:H0035*1500*0*0912*1~DTM*150*20251203~DTM*151*20251203~CAS*CO*29*1500~REF*6R*188341209538556002~SVC*HC:H0035*1500*0*0912*1~DTM*150*20251204~DTM*151*20251204~CAS*CO*29*1500~REF*6R*188341209538556003~SVC*HC:H0035*1500*0*0912*1~DTM*150*20251205~DTM*151*20251205~CAS*CO*29*1500~REF*6R*188341209538556004~SE*50*000000001~GE*1*828205317~IEA*1*828205317~