ISA*00*          *00*          *ZZ*CHC            *ZZ*00962249       *260709*1031*^*00501*632007967*0*P*:~GS*HP*CHC*00962249*20260709*10311800*632007967*X*005010X221A1~ST*835*000000001~BPR*I*7728*C*ACH*CCP*01*124384877*DA*1470858534*1411289245*000087726*01*121000248*DA*4122170038*20260713~TRN*1*26190B1000034995*1411289245*000087726~REF*EV*B00099999800~DTM*405*20260709~N1*PR*UNITED HEALTHCARE INSURANCE COMPANY~N3*PO BOX 30755~N4*SALT LAKE CITY*UT*841300755~REF*2U*87726~PER*CX*UNITED BEHAVIORAL HEALTH*TE*8003338724~PER*BL*UNKNOWN*UR*WWW.UNITEDHEALTHCAREONLINE.COM/B2C/CONTACTUS.DO~N1*PE*THE RENFREW CENTER OF FLORIDA LLC*XX*1912008137~N3*PO BOX 823700~N4*PHILADELPHIA*PA*19182~REF*TJ*200995125~LX*1~CLP*CX156949X2*1*21000*7728**15*26XF57877500*11*3~NM1*QC*1*BRODY*SUSAN****MI*R225801475~NM1*74*1***S***C*034522840~REF*G1*9NQK1D-01~REF*1L*AW023147~REF*CE*THE RENFREW CENTER OF FLORIDA LLC~REF*EA*IDX135763X5~DTM*232*20260615~DTM*233*20260621~DTM*050*20260624~AMT*AU*7728~SVC*NU:1001*3000*1104**1~DTM*472*20260615~CAS*CO*45*1896~REF*6R*CX156949X67736.003~REF*HPI*1912051558~AMT*B6*1104~SVC*NU:1001*3000*1104**1~DTM*472*20260616~CAS*CO*45*1896~REF*6R*CX156949X67737.003~REF*HPI*1912051558~AMT*B6*1104~SVC*NU:1001*3000*1104**1~DTM*472*20260617~CAS*CO*45*1896~REF*6R*CX156949X67738.002~REF*HPI*1912051558~AMT*B6*1104~SVC*NU:1001*3000*1104**1~DTM*472*20260618~CAS*CO*45*1896~REF*6R*CX156949X67739.002~REF*HPI*1912051558~AMT*B6*1104~SVC*NU:1001*3000*1104**1~DTM*472*20260619~CAS*CO*45*1896~REF*6R*CX156949X67740.002~REF*HPI*1912051558~AMT*B6*1104~SVC*NU:1001*3000*1104**1~DTM*472*20260620~CAS*CO*45*1896~REF*6R*CX156949X67741.001~REF*HPI*1912051558~AMT*B6*1104~SVC*NU:1001*3000*1104**1~DTM*472*20260621~CAS*CO*45*1896~REF*6R*CX156949X67742.003~REF*HPI*1912051558~AMT*B6*1104~SE*70*000000001~GE*1*632007967~IEA*1*632007967~