ISA*00*          *00*          *ZZ*CHC            *ZZ*00962249       *260626*0717*^*00501*497407547*0*P*:~GS*HP*CHC*00962249*20260626*07172400*497407547*X*005010X221A1~ST*835*000000001~BPR*I*2296*C*ACH*CCP*01*124384877*DA*1470858534*1411289245*000087726*01*121000248*DA*4122170038*20260630~TRN*1*W363647985*1411289245*000087726~REF*EV*B00099999800~REF*F2*1083~DTM*405*20260625~N1*PR*UNITED HEALTHCARE INSURANCE COMPANY~N3*9900 BREN ROAD~N4*MINNETONKA*MN*553439664~REF*2U*87726~PER*CX*ATLANTA SERVICE CENTER*TE*8778423210~PER*BL*UNKNOWN*UR*WWW.UNITEDHEALTHCAREONLINE.COM/B2C/CONTACTUS.DO~N1*PE*THE RENFREW CENTER OF MARYLAND LLC*XX*1093940405~N3*PO BOX 823700~N4*PHILADELPHIA*PA*19182~REF*TJ*264628647~LX*1~TS3*1093940405*13*20261231*1*6000~CLP*CX156782X1*1*6000*2296**13*FV21313689 0369508347*13*2~NM1*QC*1*COLBOURN*AUDREY~NM1*IL*1*COLBOURN*KEITH****MI*989472968~NM1*74*1***M~REF*EA*IDX136233X3~REF*CE*CHOYC+~REF*1L*921164~REF*G1*3N88VY-01~REF*BB*3N88VY01~DTM*232*20260608~DTM*233*20260611~DTM*050*20260618~AMT*AU*6000~SVC*HC:H0035*1500*574*0912*1~DTM*150*20260608~DTM*151*20260611~CAS*CO*45*926~REF*6R*CX156782X67729.001~AMT*B6*574~SVC*HC:H0035*1500*574*0912*1~DTM*150*20260608~DTM*151*20260611~CAS*CO*45*926~REF*6R*CX156782X67730.001~AMT*B6*574~SVC*HC:H0035*1500*574*0912*1~DTM*150*20260608~DTM*151*20260611~CAS*CO*45*926~REF*6R*CX156782X67731.003~AMT*B6*574~SVC*HC:H0035*1500*574*0912*1~DTM*150*20260608~DTM*151*20260611~CAS*CO*45*926~REF*6R*CX156782X67732.001~AMT*B6*574~SE*56*000000001~GE*1*497407547~IEA*1*497407547~