ISA*00*          *00*          *ZZ*CHC            *ZZ*00962249       *260606*0817*^*00501*773006320*0*P*:~GS*HP*CHC*00962249*20260606*08171800*773006320*X*005010X221A1~ST*835*000000001~BPR*I*1453.5*C*ACH*CCP*01*093702139*DA*0601849573*1591031071**01*121000248*DA*4122170038*20260608~TRN*1*260604090048488*1591031071~REF*EV*133052274~REF*F2*PM~DTM*405*20260605~N1*PR*CIGNA HEALTH AND LIFE INSURANCE COMPANY~N3*P.O. BOX 182223~N4*CHATTANOOGA*TN*374227223~REF*2U*62308~PER*BL*EDI HELP DESK*TE*8008103388~N1*PE*RENFREW CTR OF FL LLC*XX*1912008137~N3*PO BOX 713700~N4*PHILADELPHIA*PA*191713700~REF*TJ*200995125~LX*1~TS3*1912008137*13*20261231*3*3750~CLP*CX156035X3*1*750*290.7*32.3*13*8432615493212*13*3~NM1*QC*1*LIM*JOELLE*C***MI*U0181077801~REF*1L*2500070~REF*CE*LOCALPLUS IN~REF*EA*IDX135758X3~REF*G1*NO AUTHORIZATION REQUIRED~DTM*050*20260603~DTM*232*20260528~DTM*233*20260528~PER*CX*MEMBER SERVICES*TE*8002446224~AMT*AU*323~SVC*HC:S9480*750*290.7*0905*1~CAS*CO*45*427~CAS*PR*2*32.3~REF*6R*CX156035X67718.001~AMT*B6*323~CLP*CX156036X4*1*2250*872.1*96.9*13*7432615492150*13*3~NM1*QC*1*SNOW*MADISON****MI*U0173536704~NM1*IL*1*SNOW*MEGAN****MI*U0173536701~REF*1L*2500070~REF*CE*LOCALPLUS IN~REF*EA*IDX135978X3~REF*G1*NO AUTHORIZATION REQUIRED~DTM*050*20260603~DTM*232*20260527~DTM*233*20260529~PER*CX*MEMBER SERVICES*TE*8002446224~AMT*AU*969~SVC*HC:S9480*750*290.7*0905*1~DTM*150*20260527~DTM*151*20260527~CAS*CO*45*427~CAS*PR*2*32.3~REF*6R*CX156036X67717.003~AMT*B6*323~SVC*HC:S9480*750*290.7*0905*1~DTM*150*20260528~DTM*151*20260528~CAS*CO*45*427~CAS*PR*2*32.3~REF*6R*CX156036X67718.001~AMT*B6*323~SVC*HC:S9480*750*290.7*0905*1~DTM*150*20260529~DTM*151*20260529~CAS*CO*45*427~CAS*PR*2*32.3~REF*6R*CX156036X67719.004~AMT*B6*323~CLP*CX156034X2*1*750*290.7*32.3*13*8432615494491*13*4~NM1*QC*1*BARBER*STELLA****MI*U4827575604~NM1*IL*1*BARBER*DONALD****MI*U4827575601~REF*1L*2500070~REF*CE*LOCALPLUS IN~REF*EA*IDX135671X3~REF*G1*NO AUTHORIZATION NEEDED~DTM*050*20260603~DTM*232*20260526~DTM*233*20260526~PER*CX*MEMBER SERVICES*TE*8002446224~AMT*AU*323~SVC*HC:S9480*750*290.7*0905*1~CAS*CO*45*427~CAS*PR*2*32.3~REF*6R*CX156034X67716.002~AMT*B6*323~SE*84*000000001~GE*1*773006320~IEA*1*773006320~