ISA*00*          *00*          *ZZ*CHC            *ZZ*00962249       *260709*0707*^*00501*630206441*0*P*:~GS*HP*CHC*00962249*20260709*07072000*630206441*X*005010X221A1~ST*835*000000001~BPR*H*0*C*NON******9999999999*999999999*****20260707~TRN*1*0024377608*1220999690*8352026070803061162~REF*EV*1164514691~DTM*405*20260707~N1*PR*HORIZON BCBSNJ~N3*P O  BOX 420~N4*NEWARK*NJ*071010420~REF*2U*22099~PER*BL*HORIZON BCBSNJ*EM*HORIZONEDI@HORIZONBLUE.COM*TE*8883349242~N1*PE*THE RENFREW CENTER OF NEW JERS*XX*1164514691~N3*PO BOX 713700~N4*PHILADELPHIA*PA*191713700~REF*PQ*001368~REF*TJ*223704728~LX*1~CLP*CX156711X2*1*7500*0*7500*12*780202616918316   00*13*3~NM1*QC*1*KELLY*MIRIAM****MI*VKE1043825BL~NM1*IL*1*KELLY*KEVIN****MI*VKE1043825BL~NM1*82*2*ASHLEY  HOADLEY*****XX*1821357682~DTM*232*20260608~DTM*233*20260612~DTM*050*20260618~PER*CX*HORIZON BLUE CROSS BLUE SHIELD OF NEW JERSEY DIRECT ACCESS*TE*8886662535~AMT*AU*3185~SVC*HC:H0035*1500*0*0912*1~DTM*472*20260608~CAS*PR*95*1500~REF*6R*CX156711X67729.001~REF*APC*00000~LQ*HE*N584~SVC*HC:H0035*1500*0*0912*1~DTM*472*20260609~CAS*PR*95*1500~REF*6R*CX156711X67730.003~REF*APC*00000~LQ*HE*N584~SVC*HC:H0035*1500*0*0912*1~DTM*472*20260610~CAS*PR*95*1500~REF*6R*CX156711X67731.004~REF*APC*00000~LQ*HE*N584~SVC*HC:H0035*1500*0*0912*1~DTM*472*20260611~CAS*PR*95*1500~REF*6R*CX156711X67732.001~REF*APC*00000~LQ*HE*N584~SVC*HC:H0035*1500*0*0912*1~DTM*472*20260612~CAS*PR*95*1500~REF*6R*CX156711X67733.004~REF*APC*00000~LQ*HE*N584~SE*56*000000001~ST*835*000000002~BPR*I*5096*C*ACH*CCP*01*031100225*DA*4058564014/*1220999690*999999999*01*121000248*DA*4122170038*20260707~TRN*1*0077370695*1220999690*8352026070803061161~REF*EV*1164514691~DTM*405*20260707~N1*PR*HORIZON BCBSNJ~N3*P O  BOX 420~N4*NEWARK*NJ*071010420~REF*2U*22099~PER*BL*HORIZON BCBSNJ*EM*HORIZONEDI@HORIZONBLUE.COM*TE*8883349242~N1*PE*THE RENFREW CENTER OF NEW JERS*XX*1164514691~N3*PO BOX 713700~N4*PHILADELPHIA*PA*191713700~REF*PQ*001368~REF*TJ*223704728~LX*1~CLP*CX156054X4*1*6000*2548**13*780202615413422   00*13*3~NM1*QC*1*OREJUELA*EMILY****MI*NJX3HZN83777410~NM1*IL*1*OREJUELA*LINA****MI*NJX3HZN83777410~NM1*74*1******C*NJX3HZN837774100~NM1*82*2*ASHLEY  HOADLEY*****XX*1821357682~DTM*232*20260526~DTM*233*20260529~DTM*050*20260602~PER*CX*NATIONAL ACCOUNTS PPO*TE*8006244758~AMT*AU*2548~AMT*T2*2548~SVC*HC:H0035*1500*637*0912*1~DTM*472*20260526~CAS*CO*45*863~REF*6R*CX156054X67716.002~REF*APC*00000~AMT*B6*637~SVC*HC:H0035*1500*637*0912*1~DTM*472*20260527~CAS*CO*45*863~REF*6R*CX156054X67717.003~REF*APC*00000~AMT*B6*637~SVC*HC:H0035*1500*637*0912*1~DTM*472*20260528~CAS*CO*45*863~REF*6R*CX156054X67718.002~REF*APC*00000~AMT*B6*637~SVC*HC:H0035*1500*637*0912*1~DTM*472*20260529~CAS*CO*45*863~REF*6R*CX156054X67719.001~REF*APC*00000~AMT*B6*637~CLP*CX156715X1*1*6000*2548**13*780202616918354   00*13*3~NM1*QC*1*PLOENES*KELLYANNE****MI*NJX3HZN27279000~NM1*IL*1*PLOENES*RICHARD****MI*NJX3HZN27279000~NM1*74*1******C*NJX3HZN272790000~NM1*82*2*ASHLEY  HOADLEY*****XX*1821357682~DTM*232*20260608~DTM*233*20260612~DTM*050*20260618~PER*CX*NATIONAL ACCOUNTS PPO*TE*8006244758~AMT*AU*2548~AMT*T2*2548~SVC*HC:H0035*1500*637*0912*1~DTM*472*20260608~CAS*CO*45*863~REF*6R*CX156715X67729.003~REF*APC*00000~AMT*B6*637~SVC*HC:H0035*1500*637*0912*1~DTM*472*20260609~CAS*CO*45*863~REF*6R*CX156715X67730.001~REF*APC*00000~AMT*B6*637~SVC*HC:H0035*1500*637*0912*1~DTM*472*20260611~CAS*CO*45*863~REF*6R*CX156715X67732.002~REF*APC*00000~AMT*B6*637~SVC*HC:H0035*1500*637*0912*1~DTM*472*20260612~CAS*CO*45*863~REF*6R*CX156715X67733.001~REF*APC*00000~AMT*B6*637~SE*87*000000002~GE*2*630206441~IEA*1*630206441~