ISA*00*          *00*          *ZZ*CHC            *ZZ*00962249       *260616*0848*^*00501*754605452*0*P*:~GS*HP*CHC*00962249*20260616*08480200*754605452*X*005010X221A1~ST*835*000000001~BPR*H*0*C*NON******9999999999*999999999*****20260618~TRN*1*55306557*1411289245*000087726~REF*EV*BFT220003440~REF*F2*1284~DTM*405*20260615~N1*PR*UNITED HEALTHCARE INSURANCE COMPANY~N3*4 RESEARCH DRIVE~N4*SHELTON*CT*064846282~REF*2U*87726~PER*CX*PROVIDER ESOLUTIONS*TE*8778423210~PER*BL*OPERATIONS*TE*8662740906~N1*PE*RENFREW CENTER OF MARYLAND LLC*XX*1093940405~N3*PO BOX 827868~N4*PHILADELPHIA*PA*19182~REF*TJ*264628647~LX*1~TS3*P4306352*01*20261231*2*0~CLP*CX142287X2*22*-6000*0**HM*FE21299696*01*2~NM1*QC*1*ROCK*PARKER~NM1*IL*1*ROCK*EDWIN****MI*61737039104~NM1*74*1**PARKER~REF*CE*OPTUM HEALTH BEHAVIORAL SERVICES  OHBS~DTM*232*20250625~DTM*233*20250630~SVC*HC:H0035*-1500*0*0912*0**-1~DTM*472*20250625~CAS*OA*23*-1500~REF*6R*CX142287X67381.004~SVC*HC:H0035*-1500*0*0912*0**-1~DTM*472*20250626~CAS*OA*23*-1500~REF*6R*CX142287X67382.002~SVC*HC:H0035*-1500*0*0912*0**-1~DTM*472*20250627~CAS*OA*23*-1500~REF*6R*CX142287X67383.002~SVC*HC:H0035*-1500*0*0912*0**-1~DTM*472*20250630~CAS*OA*23*-1500~REF*6R*CX142287X67386.001~CLP*CX142287X2*2*6000*0**HM*FU59718026*01*2~NM1*QC*1*ROCK*PARKER~NM1*IL*1*ROCK*EDWIN****MI*61737039104~NM1*74*1**PARKER~REF*CE*OPTUM HEALTH BEHAVIORAL SERVICES  OHBS~DTM*232*20250625~DTM*233*20250630~AMT*AU*2272~SVC*HC:H0035*1500*0*0912*0~DTM*472*20250625~CAS*OA*23*1500~REF*6R*CX142287X67381.004~AMT*B6*568~SVC*HC:H0035*1500*0*0912*0~DTM*472*20250626~CAS*OA*23*1500~REF*6R*CX142287X67382.002~AMT*B6*568~SVC*HC:H0035*1500*0*0912*0~DTM*472*20250627~CAS*OA*23*1500~REF*6R*CX142287X67383.002~AMT*B6*568~SVC*HC:H0035*1500*0*0912*0~DTM*472*20250630~CAS*OA*23*1500~REF*6R*CX142287X67386.001~AMT*B6*568~SE*70*000000001~GE*1*754605452~IEA*1*754605452~