ISA*00*          *00*          *ZZ*CHC            *ZZ*00962249       *260715*1727*^*00501*176209727*0*P*:~GS*HP*CHC*00962249*20260715*17273100*176209727*X*005010X221A1~ST*835*000000001~BPR*I*8379*C*ACH*CCP*01*004401195*DA*0000070420*1411648670**01*121000248*DA*4122170038*20260717~TRN*1*260714090044088*1411648670~REF*EV*133052274~REF*F2*PM~DTM*405*20260715~N1*PR*EVERNORTH BEHAVIORAL HEALTH, INC.~N3*P.O. BOX 182223~N4*CHATTANOOGA*TN*374227223~REF*2U*62308~PER*BL*EDI HELP DESK*TE*8008103388~N1*PE*RENFREW CTR OF FL LLC*XX*1912008137~N3*PO BOX 713700~N4*PHILADELPHIA*PA*191713700~REF*TJ*200995125~LX*1~TS3*1912008137*11*20261231*1*21000~CLP*CX157473X2*1*21000*8379**13*7682618894436*11*3~NM1*QC*1*GREENSTEIN*HAILEY*E***MI*U0135419603~NM1*IL*1*GREENSTEIN*JEREMY****MI*U0135419601~REF*1L*3213088~REF*CE*OPEN ACCESS PLUS~REF*EA*IDX136123X5~REF*G1*IP2775730214~REF*BB*002616931920287~DTM*050*20260707~DTM*232*20260629~DTM*233*20260705~PER*CX*MEMBER SERVICES*TE*8002446224~AMT*AU*8379~SVC*NU:1001*3000*1197**1~DTM*150*20260629~DTM*151*20260629~CAS*CO*45*1803~REF*6R*CX157473X67750.003~AMT*B6*1197~SVC*NU:1001*3000*1197**1~DTM*150*20260630~DTM*151*20260630~CAS*CO*45*1803~REF*6R*CX157473X67751.002~AMT*B6*1197~SVC*NU:1001*3000*1197**1~DTM*150*20260701~DTM*151*20260701~CAS*CO*45*1803~REF*6R*CX157473X67752.001~AMT*B6*1197~SVC*NU:1001*3000*1197**1~DTM*150*20260702~DTM*151*20260702~CAS*CO*45*1803~REF*6R*CX157473X67753.002~AMT*B6*1197~SVC*NU:1001*3000*1197**1~DTM*150*20260703~DTM*151*20260703~CAS*CO*45*1803~REF*6R*CX157473X67754.001~AMT*B6*1197~SVC*NU:1001*3000*1197**1~DTM*150*20260704~DTM*151*20260704~CAS*CO*45*1803~REF*6R*CX157473X67755.002~AMT*B6*1197~SVC*NU:1001*3000*1197**1~DTM*150*20260705~DTM*151*20260705~CAS*CO*45*1803~REF*6R*CX157473X67756.002~AMT*B6*1197~SE*73*000000001~GE*1*176209727~IEA*1*176209727~