ISA*00*          *00*          *ZZ*CHC            *ZZ*00962249       *260702*0616*^*00501*911609307*0*P*:~GS*HP*CHC*00962249*20260702*06164200*911609307*X*005010X221A1~ST*835*000000001~BPR*I*1184.4*C*ACH*CCP*01*011900445*DA*0000009046*1066033492**01*121000248*DA*4122170038*20260707~TRN*1*826183000259059*1066033492~REF*EV*133052274~DTM*405*20260702~N1*PR*AETNA~N3*151 FARMINGTON AVENUE~N4*HARTFORD*CT*06156~REF*2U*60054~PER*BL*PROVIDER SERVICE~N1*PE*THE RENFREW CENTER OF NORTH CAROLINA, LLC*XX*1841497518~N3*PO BOX 713700~N4*PHILADELPHIA*PA*191713700~REF*PQ*353225980~REF*TJ*205508748~LX*1~TS3*1841497518*22*20261231*2*3000~CLP*CX157094X3*1*750*296.1*32.9*13*EJY2XL7010000*13*2~NM1*QC*1*DEERKOSKI*LANE~NM1*IL*1*DEERKOSKI*JAMES****MI*W11441266004~NM1*74*1******C*W114412660~NM1*82*2*THE RENFREW CENTER OF NORTH CAROLIN*****XX*1841497518~REF*1L*0660377-011-00005-KD~REF*CE*AETNA CHOICE  POS II NET 00454~DTM*232*20260618~DTM*233*20260618~DTM*050*20260625~PER*CX**TE*8886323862~AMT*AU*750~SVC*HC:S9480*750*296.1*0905*1~DTM*472*20260618~CAS*CO*45*421~CAS*PR*2*32.9~REF*6R*CX157094X67739.001~AMT*B6*329~CLP*CX157365X3*1*2250*888.3*98.7*13*EQTYXQGLV0000*13*3~NM1*QC*1*DEERKOSKI*LANE~NM1*IL*1*DEERKOSKI*JAMES****MI*W11441266004~NM1*74*1******C*W114412660~NM1*82*2*THE RENFREW CENTER OF NORTH CAROLIN*****XX*1841497518~REF*1L*0660377-011-00005-KD~REF*CE*AETNA CHOICE  POS II NET 00454~DTM*232*20260622~DTM*233*20260625~DTM*050*20260630~PER*CX**TE*8886323862~AMT*AU*2250~SVC*HC:S9480*750*296.1*0905*1~DTM*472*20260622~CAS*CO*45*421~CAS*PR*2*32.9~REF*6R*CX157365X67743.001~AMT*B6*329~SVC*HC:S9480*750*296.1*0905*1~DTM*472*20260624~CAS*CO*45*421~CAS*PR*2*32.9~REF*6R*CX157365X67745.002~AMT*B6*329~SVC*HC:S9480*750*296.1*0905*1~DTM*472*20260625~CAS*CO*45*421~CAS*PR*2*32.9~REF*6R*CX157365X67746.002~AMT*B6*329~SE*66*000000001~GE*1*911609307~IEA*1*911609307~