ISA*00*          *00*          *ZZ*CHC            *ZZ*00962249       *260708*1814*^*00501*570806292*0*P*:~GS*HP*CHC*00962249*20260708*18144400*570806292*X*005010X221A1~ST*835*000000001~BPR*I*12245*C*ACH*CCP*01*043301627*DA*1069954659C*1341858379**01*121000248*DA*4122170038*20260710~TRN*1*1253963876*1341858379~DTM*405*20260708~N1*PR*INDEPENDENCE BLUE CROSS, LLC~N3*1901 MARKET STREET~N4*PHILADELPHIA*PA*19103~REF*2U*SX055~PER*CX*EDI SUPPORT TEAM*FX*4408355656*TE*4408353511~PER*BL*EDI SUPPORT TEAM~N1*PE*PA THE RENFREW CENTERS*XX*1417971904~N3*PO BOX 823700~N4*PHILADELPHIA*PA*19182~REF*TJ*200994813~LX*1~CLP*CX157162X1*1*3000*1378*60*ZZ*2026182048381*13*3~NM1*QC*1*MIFFLIN*LILLI*E***MI*2500496300~NM1*IL*1*MIFFLIN*JASON*W***MI*2500496300~REF*CE*902109347~DTM*232*20260624~DTM*233*20260625~DTM*050*20260702~PER*CX**TE*4408353511~AMT*AU*1438~SVC*NU:0912*1500*689**1**0~DTM*472*20260624~CAS*CO*45*781*1~CAS*PR*3*30*1~REF*6R*CX157162X67745.006~AMT*B6*719~SVC*NU:0912*1500*689**1**0~DTM*472*20260625~CAS*CO*45*781*1~CAS*PR*3*30*1~REF*6R*CX157162X67746.004~AMT*B6*719~CLP*CX157165X2*1*7500*3445*150*ZZ*2026182048382*13*3~NM1*QC*1*KEARNEY*ROSE****MI*2518961400~NM1*IL*1*KEARNEY*CHRISTOPHER*L***MI*2518961400~REF*CE*902090437~DTM*232*20260622~DTM*233*20260626~DTM*050*20260702~PER*CX**TE*4408353511~AMT*AU*3595~SVC*NU:0912*1500*689**1**0~DTM*472*20260622~CAS*CO*45*781*1~CAS*PR*3*30*1~REF*6R*CX157165X67743.003~AMT*B6*719~SVC*NU:0912*1500*689**1**0~DTM*472*20260623~CAS*CO*45*781*1~CAS*PR*3*30*1~REF*6R*CX157165X67744.001~AMT*B6*719~SVC*NU:0912*1500*689**1**0~DTM*472*20260624~CAS*CO*45*781*1~CAS*PR*3*30*1~REF*6R*CX157165X67745.001~AMT*B6*719~SVC*NU:0912*1500*689**1**0~DTM*472*20260625~CAS*CO*45*781*1~CAS*PR*3*30*1~REF*6R*CX157165X67746.002~AMT*B6*719~SVC*NU:0912*1500*689**1**0~DTM*472*20260626~CAS*CO*45*781*1~CAS*PR*3*30*1~REF*6R*CX157165X67747.002~AMT*B6*719~CLP*CX157166X3*1*6000*2696*180*ZZ*2026182048385*13*2~NM1*QC*1*SMITH*AMANDA****MI*2505364700~NM1*IL*1*SMITH*DANA*K.***MI*2505364700~REF*CE*902105765~DTM*232*20260623~DTM*233*20260626~DTM*050*20260702~PER*CX**TE*4408353511~AMT*AU*2876~SVC*NU:0912*1500*674**1**0~DTM*472*20260623~CAS*CO*45*781*1~CAS*PR*3*45*1~REF*6R*CX157166X67744.002~AMT*B6*719~SVC*NU:0912*1500*674**1**0~DTM*472*20260624~CAS*CO*45*781*1~CAS*PR*3*45*1~REF*6R*CX157166X67745.002~AMT*B6*719~SVC*NU:0912*1500*674**1**0~DTM*472*20260625~CAS*CO*45*781*1~CAS*PR*3*45*1~REF*6R*CX157166X67746.002~AMT*B6*719~SVC*NU:0912*1500*674**1**0~DTM*472*20260626~CAS*CO*45*781*1~CAS*PR*3*45*1~REF*6R*CX157166X67747.002~AMT*B6*719~CLP*CX157167X4*1*7500*3595**ZZ*2026182048387*13*3~NM1*QC*1*GROVE*VERONICA****MI*2504026800~NM1*IL*1*GROVE*FRANS****MI*2504026800~REF*CE*902106601~DTM*232*20260622~DTM*233*20260626~DTM*050*20260702~PER*CX**TE*4408353511~AMT*AU*3595~SVC*NU:0912*1500*719**1**0~DTM*472*20260622~CAS*CO*45*781*1~REF*6R*CX157167X67743.003~AMT*B6*719~SVC*NU:0912*1500*719**1**0~DTM*472*20260623~CAS*CO*45*781*1~REF*6R*CX157167X67744.002~AMT*B6*719~SVC*NU:0912*1500*719**1**0~DTM*472*20260624~CAS*CO*45*781*1~REF*6R*CX157167X67745.001~AMT*B6*719~SVC*NU:0912*1500*719**1**0~DTM*472*20260625~CAS*CO*45*781*1~REF*6R*CX157167X67746.002~AMT*B6*719~SVC*NU:0912*1500*719**1**0~DTM*472*20260626~CAS*CO*45*781*1~REF*6R*CX157167X67747.001~AMT*B6*719~CLP*CX157174X4*1*2250*1131*45*ZZ*2026182048389*13*3~NM1*QC*1*PENCE*KAIA****MI*2520217300~NM1*IL*1*PENCE*DAVID*R***MI*2520217300~REF*CE*902086917~DTM*232*20260623~DTM*233*20260626~DTM*050*20260702~PER*CX**TE*4408353511~AMT*AU*1176~SVC*NU:0905*750*377**1**0~DTM*472*20260623~CAS*CO*45*358*1~CAS*PR*3*15*1~REF*6R*CX157174X67744.001~AMT*B6*392~SVC*NU:0905*750*377**1**0~DTM*472*20260624~CAS*CO*45*358*1~CAS*PR*3*15*1~REF*6R*CX157174X67745.001~AMT*B6*392~SVC*NU:0905*750*377**1**0~DTM*472*20260626~CAS*CO*45*358*1~CAS*PR*3*15*1~REF*6R*CX157174X67747.002~AMT*B6*392~SE*170*000000001~ST*835*000000002~BPR*I*22494.3*C*ACH*CCP*01*043301627*DA*1069954659C*1341858379**01*121000248*DA*4122170038*20260710~TRN*1*1253963875*1341858379~DTM*405*20260708~N1*PR*INDEPENDENCE ADMINISTRATORS~N3*PO BOX 21974~N4*EAGAN*MN*55121~REF*2U*SX055~PER*CX*EDI SUPPORT TEAM*FX*4408355656*TE*4408353511~PER*BL*EDI SUPPORT TEAM~N1*PE*PA THE RENFREW CENTERS*XX*1417971904~N3*PO BOX 823700~N4*PHILADELPHIA*PA*19182~REF*TJ*200994813~LX*1~CLP*CX156876X2*1*21000*9947**ZZ*2026177045754*11*2~NM1*QC*1*GRAHAM*NICOLE*M***MI*2067457800~NM1*IL*1*GRAHAM*DONNA*M***MI*2067457800~REF*CE*902116850~DTM*232*20260615~DTM*233*20260621~DTM*050*20260702~PER*CX**TE*4408353511~AMT*AU*9947~SVC*NU:1001*3000*1421**1**0~DTM*472*20260615~CAS*CO*45*1579*1~REF*6R*CX156876X67736.004~AMT*B6*1421~SVC*NU:1001*3000*1421**1**0~DTM*472*20260616~CAS*CO*45*1579*1~REF*6R*CX156876X67737.003~AMT*B6*1421~SVC*NU:1001*3000*1421**1**0~DTM*472*20260617~CAS*CO*45*1579*1~REF*6R*CX156876X67738.004~AMT*B6*1421~SVC*NU:1001*3000*1421**1**0~DTM*472*20260618~CAS*CO*45*1579*1~REF*6R*CX156876X67739.004~AMT*B6*1421~SVC*NU:1001*3000*1421**1**0~DTM*472*20260619~CAS*CO*45*1579*1~REF*6R*CX156876X67740.004~AMT*B6*1421~SVC*NU:1001*3000*1421**1**0~DTM*472*20260620~CAS*CO*45*1579*1~REF*6R*CX156876X67741.002~AMT*B6*1421~SVC*NU:1001*3000*1421**1**0~DTM*472*20260621~CAS*CO*45*1579*1~REF*6R*CX156876X67742.002~AMT*B6*1421~CLP*CX156875X1*1*21000*8952.3*994.7*ZZ*2026177045765*11*3~NM1*QC*1*LAMPMAN*ALEXIS****MI*1249585000~NM1*IL*1*JOHNSON*STACEY****MI*1249585000~REF*CE*902085603~DTM*232*20260615~DTM*233*20260621~DTM*050*20260702~PER*CX**TE*4408353511~AMT*AU*9947~SVC*NU:1001*3000*1278.9**1**0~DTM*472*20260615~CAS*CO*45*1579*1~CAS*PR*2*142.1*1~REF*6R*CX156875X67736.004~AMT*B6*1421~SVC*NU:1001*3000*1278.9**1**0~DTM*472*20260616~CAS*CO*45*1579*1~CAS*PR*2*142.1*1~REF*6R*CX156875X67737.002~AMT*B6*1421~SVC*NU:1001*3000*1278.9**1**0~DTM*472*20260617~CAS*CO*45*1579*1~CAS*PR*2*142.1*1~REF*6R*CX156875X67738.004~AMT*B6*1421~SVC*NU:1001*3000*1278.9**1**0~DTM*472*20260618~CAS*CO*45*1579*1~CAS*PR*2*142.1*1~REF*6R*CX156875X67739.005~AMT*B6*1421~SVC*NU:1001*3000*1278.9**1**0~DTM*472*20260619~CAS*CO*45*1579*1~CAS*PR*2*142.1*1~REF*6R*CX156875X67740.003~AMT*B6*1421~SVC*NU:1001*3000*1278.9**1**0~DTM*472*20260620~CAS*CO*45*1579*1~CAS*PR*2*142.1*1~REF*6R*CX156875X67741.002~AMT*B6*1421~SVC*NU:1001*3000*1278.9**1**0~DTM*472*20260621~CAS*CO*45*1579*1~CAS*PR*2*142.1*1~REF*6R*CX156875X67742.001~AMT*B6*1421~CLP*CX157163X2*1*7500*3595**ZZ*2026182048370*13*2~NM1*QC*1*GREGORY*HADLEY****MI*1959704900~NM1*IL*1*GREGORY*KEVIN*M***MI*1959704900~REF*CE*902083977~DTM*232*20260622~DTM*233*20260626~DTM*050*20260702~PER*CX**TE*4408353511~AMT*AU*3595~SVC*NU:0912*1500*719**1**0~DTM*472*20260622~CAS*CO*45*781*1~REF*6R*CX157163X67743.003~AMT*B6*719~SVC*NU:0912*1500*719**1**0~DTM*472*20260623~CAS*CO*45*781*1~REF*6R*CX157163X67744.003~AMT*B6*719~SVC*NU:0912*1500*719**1**0~DTM*472*20260624~CAS*CO*45*781*1~REF*6R*CX157163X67745.005~AMT*B6*719~SVC*NU:0912*1500*719**1**0~DTM*472*20260625~CAS*CO*45*781*1~REF*6R*CX157163X67746.004~AMT*B6*719~SVC*NU:0912*1500*719**1**0~DTM*472*20260626~CAS*CO*45*781*1~REF*6R*CX157163X67747.002~AMT*B6*719~SE*145*000000002~ST*835*000000003~BPR*I*1176*C*ACH*CCP*01*043301627*DA*1069954659C*1341858379**01*121000248*DA*4122170038*20260710~TRN*1*1253963877*1341858379~DTM*405*20260708~N1*PR*INDEPENDENCE BLUE CROSS, LLC~N3*1901 MARKET STREET~N4*PHILADELPHIA*PA*19103~REF*2U*SX055~PER*CX*EDI SUPPORT TEAM*FX*4408355656*TE*4408353511~PER*BL*EDI SUPPORT TEAM~N1*PE*PA THE RENFREW CENTERS*XX*1417971904~N3*PO BOX 823700~N4*PHILADELPHIA*PA*19182~REF*TJ*200994813~LX*1~CLP*CX157176X6*1*2250*1176**ZZ*2026182048386*13*3~NM1*QC*1*MUNOZ*SOPHIA*L***MI*2504776000~NM1*IL*1*MUNOZ*ROBERT*H***MI*2504776000~REF*CE*902113946~DTM*232*20260622~DTM*233*20260625~DTM*050*20260702~PER*CX**TE*4408353511~AMT*AU*1176~SVC*NU:0905*750*392**1**0~DTM*472*20260622~CAS*CO*45*358*1~REF*6R*CX157176X67743.001~AMT*B6*392~SVC*NU:0905*750*392**1**0~DTM*472*20260624~CAS*CO*45*358*1~REF*6R*CX157176X67745.001~AMT*B6*392~SVC*NU:0905*750*392**1**0~DTM*472*20260625~CAS*CO*45*358*1~REF*6R*CX157176X67746.001~AMT*B6*392~SE*40*000000003~GE*3*570806292~IEA*1*570806292~