ISA*00*          *00*          *ZZ*CHC            *ZZ*00962249       *260610*1036*^*00501*117405082*0*P*:~GS*HP*CHC*00962249*20260610*10365600*117405082*X*005010X221A1~ST*835*000000001~BPR*I*816*C*ACH*CCP*01*124384877*DA*720000537*1391995276*0000UMR01*01*121000248*DA*4122170038*20260612~TRN*1*CE21304094509816155724986*1391995276*0000UMR01~REF*EV*841162789~DTM*405*20260604~N1*PR*UMR~N3*PO BOX 30541~N4*SALT LAKE CITY*UT*841300541~REF*2U*39026~PER*CX*UMR EDI TEAM*TE*8005575087~PER*BL*UMR EDI TEAM*EM*UMR-EDI-IT-TEAM DL@DS.UHC.COM~N1*PE*THE RENFREW CENTER OF TENNESSEE LLC*XX*1083812762~N3*PO BOX 823700~N4*PHILADELPHIA*PA*19182~REF*TJ*205497459~LX*1~CLP*CX155927X1*1*2250*816**12*26147339530*13*3~NM1*QC*1*VENEMA*AUDREY~NM1*IL*1*VENEMA*NATHAN****MI*13497071~NM1*82*1*SPISAK*RACHAEL****XX*1063897130~REF*1L*76430093~AMT*AU*2250~SVC*HC:S9480*750*272*0905~DTM*150*20260518~DTM*151*20260521~CAS*CO*45*478~REF*6R*CX155927X67708.003~AMT*B6*272~SVC*HC:S9480*750*272*0905~DTM*150*20260519~DTM*151*20260521~CAS*CO*45*478~REF*6R*CX155927X67709.002~AMT*B6*272~SVC*HC:S9480*750*272*0905~DTM*472*20260521~CAS*CO*45*478~REF*6R*CX155927X67711.001~AMT*B6*272~SE*40*000000001~GE*1*117405082~IEA*1*117405082~