ISA*00*          *00*          *ZZ*CHC            *ZZ*00962249       *260623*0617*^*00501*228006472*0*P*:~GS*HP*CHC*00962249*20260623*06174600*228006472*X*005010X221A1~ST*835*000000001~BPR*I*7227*C*ACH*CCP*01*011900445*DA*0000009046*1066033492**01*121000248*DA*4122170038*20260626~TRN*1*826174000240203*1066033492~REF*EV*133052274~DTM*405*20260623~N1*PR*AETNA~N3*151 FARMINGTON AVENUE~N4*HARTFORD*CT*06156~REF*2U*60054~PER*BL*PROVIDER SERVICE~N1*PE*RENFREW CENTER OF NJ, LLC*XX*1164514691~N3*PO BOX 713700~N4*PHILADELPHIA*PA*191713700~REF*PQ*926670170~REF*TJ*223704728~LX*1~TS3*1164514691*22*20261231*1*2250~CLP*CX156741X1*1*2250*1017**13*ERFDXHJQ00000*13*3~NM1*QC*1*ORLANDINO*AMANDA****MI*W295834672~NM1*82*2*THE RENFREW CENTER OF NEW JERSEY*****XX*1164514691~REF*1L*0169659-040-00413-CZ~REF*CE*AETNA CHOICE  POS II NET 01449~DTM*232*20260608~DTM*233*20260611~DTM*050*20260618~PER*CX**TE*8886323862~AMT*AU*2250~SVC*HC:S9480*750*339*0905*1~DTM*472*20260608~CAS*CO*45*411~REF*6R*CX156741X67729.001~AMT*B6*339~SVC*HC:S9480*750*339*0905*1~DTM*472*20260610~CAS*CO*45*411~REF*6R*CX156741X67731.002~AMT*B6*339~SVC*HC:S9480*750*339*0905*1~DTM*472*20260611~CAS*CO*45*411~REF*6R*CX156741X67732.001~AMT*B6*339~LX*2~TS3*1164514691*22*20261231*3*16500~CLP*CX156732X2*1*7500*3105**13*EQJNXHH610000*13*3~NM1*QC*1*ESTEPP*OLIVIA~NM1*IL*1*ESTEPP*JESSICA****MI*W287264157~NM1*74*1*SIMON-ESTEPP~NM1*82*2*THE RENFREW CENTER OF NEW JERSEY*****XX*1164514691~REF*G1*074651242~REF*1L*0237611-040-00001-NA~REF*CE*AETNA CHOICE  POS II NET 01450~DTM*232*20260608~DTM*233*20260612~DTM*050*20260618~PER*CX**TE*8886323862~AMT*AU*7500~SVC*HC:H0035*1500*621*0912*1~DTM*472*20260608~CAS*CO*45*879~REF*6R*CX156732X67729.001~AMT*B6*621~SVC*HC:H0035*1500*621*0912*1~DTM*472*20260609~CAS*CO*45*879~REF*6R*CX156732X67730.003~AMT*B6*621~SVC*HC:H0035*1500*621*0912*1~DTM*472*20260610~CAS*CO*45*879~REF*6R*CX156732X67731.004~AMT*B6*621~SVC*HC:H0035*1500*621*0912*1~DTM*472*20260611~CAS*CO*45*879~REF*6R*CX156732X67732.001~AMT*B6*621~SVC*HC:H0035*1500*621*0912*1~DTM*472*20260612~CAS*CO*45*879~REF*6R*CX156732X67733.004~AMT*B6*621~CLP*CX156733X3*1*7500*3105**13*ER59XHPDP0000*13*3~NM1*QC*1*DUPONT*LEEAHNA~NM1*IL*1*DUPONT*VERCY****MI*W287367001~NM1*74*1**LEEAHNA~NM1*82*2*THE RENFREW CENTER OF NEW JERSEY*****XX*1164514691~REF*G1*074779308~REF*1L*0181137-041-00006-AD~REF*CE*AETNA CHOICE  POS II NET 01450~DTM*232*20260608~DTM*233*20260612~DTM*050*20260618~PER*CX**TE*8886323862~AMT*AU*7500~SVC*HC:H0035*1500*621*0912*1~DTM*472*20260608~CAS*CO*45*879~REF*6R*CX156733X67729.001~AMT*B6*621~SVC*HC:H0035*1500*621*0912*1~DTM*472*20260609~CAS*CO*45*879~REF*6R*CX156733X67730.003~AMT*B6*621~SVC*HC:H0035*1500*621*0912*1~DTM*472*20260610~CAS*CO*45*879~REF*6R*CX156733X67731.005~AMT*B6*621~SVC*HC:H0035*1500*621*0912*1~DTM*472*20260611~CAS*CO*45*879~REF*6R*CX156733X67732.001~AMT*B6*621~SVC*HC:H0035*1500*621*0912*1~DTM*472*20260612~CAS*CO*45*879~REF*6R*CX156733X67733.004~AMT*B6*621~CLP*CX156734X1*1*1500*0*678*13*ER59XHPF10000*13*3~NM1*QC*1*READ*JORDAN****MI*W220910403~NM1*82*2*THE RENFREW CENTER OF NEW JERSEY*****XX*1164514691~REF*1L*0868560-051-00011-PH~REF*CE*AETNA CHOICE  POS II NET 01450~DTM*232*20260608~DTM*233*20260610~DTM*050*20260618~PER*CX**TE*8886323862~AMT*AU*1500~SVC*HC:S9480*750*0*0905*1~DTM*472*20260608~CAS*CO*45*411~CAS*PR*1*339~REF*6R*CX156734X67729.001~AMT*B6*339~SVC*HC:S9480*750*0*0905*1~DTM*472*20260610~CAS*CO*45*411~CAS*PR*1*339~REF*6R*CX156734X67731.001~AMT*B6*339~SE*143*000000001~GE*1*228006472~IEA*1*228006472~