ISA*00*          *00*          *ZZ*CHC            *ZZ*00962249       *260718*1109*^*00501*427604697*0*P*:~GS*HP*CHC*00962249*20260718*11095800*427604697*X*005010X221A1~ST*835*000000001~BPR*I*2566.4*C*CHK************20260717~TRN*1*768319512*1591031071~REF*EV*133052274~REF*F2*GWFC~DTM*405*20260717~N1*PR*GREATWESTHEALTHCARE-CIGNA~N3*8505 E. ORCHARD RD~N4*GREENWOOD VILLAGE*CO*80111~REF*2U*62308~PER*CX*GWHC EDIPROD*EM*EDIESCALATEDREQUESTS@CIGNA.COM*TE*8008103388~PER*BL*EDI HELP DESK*TE*8008103388~N1*PE*RENFREW CENTER OF NEW JERSEY*XX*1164514691~N3*PO BOX 713700~N4*PHILADELPHIA*PA*19171~REF*PQ*200022813235~REF*TJ*223704728~LX*1~TS3*1164514691*13*20261231*1*6000~CLP*CX158064X1*1*6000*2566.4*641.6*13*262608889700*13*3~NM1*QC*1*CARBINE*TERESA****MI*10967708702~NM1*IL*1*CARBINE*JOHN****MI*10967708700~REF*1L*00621429~REF*CE*OPEN ACCESS PLUS~REF*EA*IDX125446X8~REF*G1*NO AUTH REQUIRED~DTM*050*20260716~DTM*232*20260706~DTM*233*20260709~AMT*AU*3208~SVC*HC:H0035*1500*641.6*0912*1~DTM*150*20260706~DTM*151*20260706~CAS*CO*45*698~CAS*PR*2*160.4~REF*APC*0~REF*6R*CX158064X67757.001~AMT*B6*802~SVC*HC:H0035*1500*641.6*0912*1~DTM*150*20260707~DTM*151*20260707~CAS*CO*45*698~CAS*PR*2*160.4~REF*APC*0~REF*6R*CX158064X67758.002~AMT*B6*802~SVC*HC:H0035*1500*641.6*0912*1~DTM*150*20260708~DTM*151*20260708~CAS*CO*45*698~CAS*PR*2*160.4~REF*APC*0~REF*6R*CX158064X67759.001~AMT*B6*802~SVC*HC:H0035*1500*641.6*0912*1~DTM*150*20260709~DTM*151*20260709~CAS*CO*45*698~CAS*PR*2*160.4~REF*APC*0~REF*6R*CX158064X67760.001~AMT*B6*802~SE*63*000000001~GE*1*427604697~IEA*1*427604697~