ISA*00*          *00*          *ZZ*CHC            *ZZ*00962249       *260617*0438*^*00501*740805266*0*P*:~GS*HP*CHC*00962249*20260617*04385000*740805266*X*005010X221A1~ST*835*000000001~BPR*I*696*C*CHK************20260612~TRN*1*964960628*1411648670~REF*EV*133052274~REF*F2*PM~DTM*405*20260617~N1*PR*EVERNORTH BEHAVIORAL HEALTH, INC.~N3*P.O. BOX 182223~N4*CHATTANOOGA*TN*374227223~REF*2U*62308~PER*BL*EDI HELP DESK*TE*8008103388~N1*PE*RENFREW CTR OF MA*XX*1346674215~N3*PO BOX 713700~N4*PHILADELPHIA*PA*191713700~REF*TJ*463400788~LX*1~TS3*1346674215*13*20261231*1*1500~CLP*CX156620X2*1*1500*696**13*4682616212425*13*4~NM1*QC*1*CRANDELL*LILY****MI*U3474679604~NM1*IL*1*CRANDEL*MATTHEW****MI*U3474679601~REF*1L*3329926~REF*CE*OPEN ACCESS PLUS~REF*EA*IDX133149X12~DTM*050*20260611~DTM*232*20260602~DTM*233*20260603~PER*CX*MEMBER SERVICES*TE*8002446224~AMT*AU*696~SVC*HC:S9480:95*750*348*0905*1~DTM*150*20260602~DTM*151*20260602~CAS*CO*45*402~REF*6R*CX156620X67723.001~AMT*B6*348~SVC*HC:S9480:95*750*348*0905*1~DTM*150*20260603~DTM*151*20260603~CAS*CO*45*402~REF*6R*CX156620X67724.002~AMT*B6*348~SE*41*000000001~GE*1*740805266~IEA*1*740805266~