ISA*00*          *00*          *ZZ*CHC            *ZZ*00962249       *260715*0617*^*00501*132406506*0*P*:~GS*HP*CHC*00962249*20260715*06172000*132406506*X*005010X221A1~ST*835*000000001~BPR*I*3000*C*ACH*CCP*01*031100209*DA*0000009108*1066033492**01*121000248*DA*4122170038*20260720~TRN*1*826196000310575*1066033492~REF*EV*133052274~DTM*405*20260715~N1*PR*AETNA~N3*151 FARMINGTON AVENUE~N4*HARTFORD*CT*06156~REF*2U*60054~PER*BL*PROVIDER SERVICE~N1*PE*THE RENFREW CENTER OF MASSACHUSETTS, LLC*XX*1346674215~N3*PO BOX 713700~N4*PHILADELPHIA*PA*191713700~REF*PQ*046923740~REF*TJ*463400788~LX*1~TS3*1346674215*52*20261231*1*7500~CLP*CX157356X3*1*7500*3000**12*E2618102020000*13*3~NM1*QC*1*MARZKE*CASSANDRA****MI*W287955595~REF*1L*0711110-036-00101-UE~REF*CE*PPO-MEDICAL NET 00124~DTM*232*20260622~DTM*233*20260626~DTM*050*20260630~PER*CX**TE*8886323862~AMT*AU*7500~SVC*HC:H0035*1500*600**1~DTM*472*20260622~CAS*CO*45*900~REF*6R*CX157356X67743.004~AMT*B6*600~SVC*HC:H0035*1500*600**1~DTM*472*20260623~CAS*CO*45*900~REF*6R*CX157356X67744.002~AMT*B6*600~SVC*HC:H0035*1500*600**1~DTM*472*20260624~CAS*CO*45*900~REF*6R*CX157356X67745.001~AMT*B6*600~SVC*HC:H0035*1500*600**1~DTM*472*20260625~CAS*CO*45*900~REF*6R*CX157356X67746.002~AMT*B6*600~SVC*HC:H0035*1500*600**1~DTM*472*20260626~CAS*CO*45*900~REF*6R*CX157356X67747.003~AMT*B6*600~SE*52*000000001~GE*1*132406506~IEA*1*132406506~