ISA*00*          *00*          *ZZ*CHC            *ZZ*00962249       *260610*1328*^*00501*188206527*0*P*:~GS*HP*CHC*00962249*20260610*13285300*188206527*X*005010X221A1~ST*835*000000001~BPR*I*10*C*ACH*CCP*01*043301627*DA*1069954659C*1341858379**01*121000248*DA*4122170038*20260612~TRN*1*1249616938*1341858379~DTM*405*20260610~N1*PR*AMERIHEALTH INC.~N3*1901 MARKET STREET~N4*PHILADELPHIA*PA*19103~REF*2U*SX055~PER*CX*EDI SUPPORT TEAM*FX*4408355656*TE*4408353511~PER*BL*EDI SUPPORT TEAM~N1*PE*PA THE RENFREW CENTERS*FI*200994813~N3*PO BOX 823700~N4*PHILADELPHIA*PA*19182~LX*1~CLP*0*1*0*0**15*7672-198~NM1*QC*1*PAYMENT*PROVIDER****HN*7672-198~NM1*82*2*THE RENFREW CENTERS, INC*****XX*002801686~DTM*232*20260609~PER*CX**TE*4408353511~AMT*AU*10~PLB*200994813*20261231*IP:7672-198*-10~SE*22*000000001~GE*1*188206527~IEA*1*188206527~