ISA*00*          *00*          *ZZ*CHC            *ZZ*00962249       *260708*0857*^*00501*539605742*0*P*:~GS*HP*CHC*00962249*20260708*08574400*539605742*X*005010X221A1~ST*835*000000001~BPR*I*21133*C*ACH*CCP*01*004401195*DA*0000070420*1411648670**01*121000248*DA*4122170038*20260710~TRN*1*260707090061231*1411648670~REF*EV*133052274~REF*F2*PM~DTM*405*20260708~N1*PR*EVERNORTH BEHAVIORAL HEALTH, INC.~N3*P.O. BOX 182223~N4*CHATTANOOGA*TN*374227223~REF*2U*62308~PER*BL*EDI HELP DESK*TE*8008103388~N1*PE*RENFREW CTR OF PA*XX*1417971904~N3*PO BOX 713700~N4*PHILADELPHIA*PA*191713700~REF*TJ*200994813~LX*1~TS3*1417971904*22*20261231*5*47250~CLP*CX157451X2*1*1500*702**13*9682618896608*13*3~NM1*QC*1*MITCHELL*MARGARET****MI*U0201974302~NM1*IL*1*MITCHELL*JOSHUA****MI*U0201974301~REF*1L*3346483~REF*CE*OPEN ACCESS PLUS~REF*EA*IDX135379X3~REF*G1*NO AUTH REQUIRED~DTM*050*20260707~DTM*232*20260629~DTM*233*20260701~PER*CX*MEMBER SERVICES*TE*8002446224~AMT*AU*702~SVC*HC:S9480*750*351*0905*1~DTM*150*20260629~DTM*151*20260629~CAS*CO*45*399~REF*6R*CX157451X67750.001~AMT*B6*351~SVC*HC:S9480*750*351*0905*1~DTM*150*20260701~DTM*151*20260701~CAS*CO*45*399~REF*6R*CX157451X67752.002~AMT*B6*351~CLP*CX157452X3*1*3000*1404**13*4682618896671*13*3~NM1*QC*1*RUARK*EVA****MI*U8142306703~NM1*IL*1*RUARK*BRIAN****MI*U8142306701~REF*1L*3334085~REF*CE*OPEN ACCESS PLUS~REF*EA*IDX135468X8~DTM*050*20260707~DTM*232*20260629~DTM*233*20260702~PER*CX*MEMBER SERVICES*TE*8002446224~AMT*AU*1404~SVC*HC:S9480*750*351*0905*1~DTM*150*20260629~DTM*151*20260629~CAS*CO*45*399~REF*6R*CX157452X67750.001~AMT*B6*351~SVC*HC:S9480*750*351*0905*1~DTM*150*20260630~DTM*151*20260630~CAS*CO*45*399~REF*6R*CX157452X67751.002~AMT*B6*351~SVC*HC:S9480*750*351*0905*1~DTM*150*20260701~DTM*151*20260701~CAS*CO*45*399~REF*6R*CX157452X67752.001~AMT*B6*351~SVC*HC:S9480*750*351*0905*1~DTM*150*20260702~DTM*151*20260702~CAS*CO*45*399~REF*6R*CX157452X67753.001~AMT*B6*351~CLP*CX156885X1*1*21000*9338**13*7682617598899*11*3~NM1*QC*1*KOEHLER*BETHANY****MI*U0643892903~NM1*IL*1*KOEHLER*JACLYNN****MI*U0643892901~REF*1L*3343777~REF*CE*OPEN ACCESS PLUS~REF*EA*IDX136285X3~REF*G1*IP2760048356~REF*BB*002615531917436~DTM*050*20260624~DTM*232*20260615~DTM*233*20260621~PER*CX*MEMBER SERVICES*TE*8002446224~AMT*AU*9338~SVC*NU:1001*3000*1334**1~DTM*150*20260615~DTM*151*20260615~CAS*CO*45*1666~REF*6R*CX156885X67736.003~AMT*B6*1334~SVC*NU:1001*3000*1334**1~DTM*150*20260616~DTM*151*20260616~CAS*CO*45*1666~REF*6R*CX156885X67737.003~AMT*B6*1334~SVC*NU:1001*3000*1334**1~DTM*150*20260617~DTM*151*20260617~CAS*CO*45*1666~REF*6R*CX156885X67738.004~AMT*B6*1334~SVC*NU:1001*3000*1334**1~DTM*150*20260618~DTM*151*20260618~CAS*CO*45*1666~REF*6R*CX156885X67739.004~AMT*B6*1334~SVC*NU:1001*3000*1334**1~DTM*150*20260619~DTM*151*20260619~CAS*CO*45*1666~REF*6R*CX156885X67740.003~AMT*B6*1334~SVC*NU:1001*3000*1334**1~DTM*150*20260620~DTM*151*20260620~CAS*CO*45*1666~REF*6R*CX156885X67741.003~AMT*B6*1334~SVC*NU:1001*3000*1334**1~DTM*150*20260621~DTM*151*20260621~CAS*CO*45*1666~REF*6R*CX156885X67742.003~AMT*B6*1334~CLP*CX157450X1*1*750*351**13*9652618894388*13*3~NM1*QC*1*ZAWADA-DAS*KATHERINE****MI*U6521901703~NM1*IL*1*ZAWADA-DAS*WOJCIECH****MI*U6521901701~REF*1L*3331799~REF*CE*OPEN ACCESS PLUS IN-NETWORK~REF*EA*IDX135269X11~REF*G1*NO AUTH REQUIRED~DTM*050*20260707~DTM*232*20260629~DTM*233*20260629~PER*CX*MEMBER SERVICES*TE*8002446224~AMT*AU*351~SVC*HC:S9480*750*351*0905*1~CAS*CO*45*399~REF*6R*CX157450X67750.002~AMT*B6*351~CLP*CX157149X1*1*21000*9338**13*7682618101677*11*3~NM1*QC*1*KOEHLER*BETHANY****MI*U0643892903~NM1*IL*1*KOEHLER*JACLYNN****MI*U0643892901~REF*1L*3343777~REF*CE*OPEN ACCESS PLUS~REF*EA*IDX136285X3~REF*G1*IP2760048356~REF*BB*002615531917436~DTM*050*20260630~DTM*232*20260622~DTM*233*20260628~PER*CX*MEMBER SERVICES*TE*8002446224~AMT*AU*9338~SVC*NU:1001*3000*1334**1~DTM*150*20260622~DTM*151*20260622~CAS*CO*45*1666~REF*6R*CX157149X67743.004~AMT*B6*1334~SVC*NU:1001*3000*1334**1~DTM*150*20260623~DTM*151*20260623~CAS*CO*45*1666~REF*6R*CX157149X67744.002~AMT*B6*1334~SVC*NU:1001*3000*1334**1~DTM*150*20260624~DTM*151*20260624~CAS*CO*45*1666~REF*6R*CX157149X67745.006~AMT*B6*1334~SVC*NU:1001*3000*1334**1~DTM*150*20260625~DTM*151*20260625~CAS*CO*45*1666~REF*6R*CX157149X67746.001~AMT*B6*1334~SVC*NU:1001*3000*1334**1~DTM*150*20260626~DTM*151*20260626~CAS*CO*45*1666~REF*6R*CX157149X67747.002~AMT*B6*1334~SVC*NU:1001*3000*1334**1~DTM*150*20260627~DTM*151*20260627~CAS*CO*45*1666~REF*6R*CX157149X67748.003~AMT*B6*1334~SVC*NU:1001*3000*1334**1~DTM*150*20260628~DTM*151*20260628~CAS*CO*45*1666~REF*6R*CX157149X67749.003~AMT*B6*1334~SE*203*000000001~GE*1*539605742~IEA*1*539605742~