ISA*00*          *00*          *ZZ*CHC            *ZZ*00962249       *260711*0031*^*00501*797008701*0*P*:~GS*HP*CHC*00962249*20260711*00313000*797008701*X*005010X221A1~ST*835*000000001~BPR*H*0*C*NON************20260711~TRN*1*926192000006755*1561545517~REF*EV*133052274~DTM*405*20260711~N1*PR*AETNA~N3*151 FARMINGTON AVENUE~N4*HARTFORD*CT*06156~REF*2U*60054~PER*BL*PROVIDER SERVICE~N1*PE*THE RENFREW CENTER OF NORTH CAROLINA, LLC*XX*1841497518~N3*PO BOX 713700~N4*PHILADELPHIA*PA*191713700~REF*PQ*353225980~REF*TJ*205508748~LX*1~TS3*1841497518*22*20261231*4*9000~CLP*CX157092X1*1*2250*987**13*EHFDXL95H0000*13*3~NM1*QC*1*MCLAUGHLIN*GRACE~NM1*IL*1*MCLAUGHLIN*MICHAEL****MI*NNMAAACJ1PNF~NM1*74*1******C*NJFWJPXGAPRA~NM1*82*2*THE RENFREW CENTER OF NORTH CAROLIN*****XX*1841497518~REF*1L*0192690-010-00906- A~REF*CE*AETNA CHOICE  POS II NET 00454~DTM*232*20260615~DTM*233*20260618~DTM*050*20260625~PER*CX**TE*8886323862~AMT*AU*2250~SVC*HC:S9480*750*329*0905*1~DTM*472*20260615~CAS*CO*45*421~REF*6R*CX157092X67736.002~AMT*B6*329~SVC*HC:S9480*750*329*0905*1~DTM*472*20260616~CAS*CO*45*421~REF*6R*CX157092X67737.001~AMT*B6*329~SVC*HC:S9480*750*329*0905*1~DTM*472*20260618~CAS*CO*45*421~REF*6R*CX157092X67739.001~AMT*B6*329~CLP*CX157658X1*1*2250*987**13*EMJNXTY270000*13*3~NM1*QC*1*BOST*ADDISON~NM1*IL*1*BOST*ERICA****MI*NNKN2MNQ7MMQ~NM1*74*1******C*NEH7RPQKJVNA~NM1*82*2*THE RENFREW CENTER OF NORTH CAROLIN*****XX*1841497518~REF*1L*0192685-010-00034- A~REF*CE*AETNA CHOICE  POS II NET 00454~DTM*232*20260629~DTM*233*20260702~DTM*050*20260707~PER*CX**TE*8886323862~AMT*AU*2250~SVC*HC:S9480:95*750*329*0905*1~DTM*472*20260629~CAS*CO*45*421~REF*6R*CX157658X67750.001~AMT*B6*329~SVC*HC:S9480:95*750*329*0905*1~DTM*472*20260701~CAS*CO*45*421~REF*6R*CX157658X67752.003~AMT*B6*329~SVC*HC:S9480:95*750*329*0905*1~DTM*472*20260702~CAS*CO*45*421~REF*6R*CX157658X67753.001~AMT*B6*329~CLP*CX157631X2*1*2250*663.6*323.4*13*EMJNXTY7G0000*13*3~NM1*QC*1*GIBBONS*ELLEANORE~NM1*IL*1*HANNA*LESLIE****MI*NAMKCQGAAHGK~NM1*74*1******C*NMNMRAEKNKAQ~NM1*82*2*THE RENFREW CENTER OF NORTH CAROLIN*****XX*1841497518~REF*1L*0192690-011-00906- D~REF*CE*AETNA CHOICE  POS II NET 00454~DTM*232*20260629~DTM*233*20260702~DTM*050*20260707~PER*CX**TE*8886323862~AMT*AU*2250~SVC*HC:S9480*750*203*0905*1~DTM*472*20260629~CAS*CO*45*421~CAS*PR*1*39**2*87~REF*6R*CX157631X67750.002~AMT*B6*329~SVC*HC:S9480*750*230.3*0905*1~DTM*472*20260630~CAS*CO*45*421~CAS*PR*2*98.7~REF*6R*CX157631X67751.001~AMT*B6*329~SVC*HC:S9480*750*230.3*0905*1~DTM*472*20260702~CAS*CO*45*421~CAS*PR*2*98.7~REF*6R*CX157631X67753.003~AMT*B6*329~CLP*CX157630X1*1*2250*987**13*EMTYXT21R0000*13*4~NM1*QC*1*MCLAUGHLIN*GRACE~NM1*IL*1*MCLAUGHLIN*MICHAEL****MI*NNMAAACJ1PNF~NM1*74*1******C*NJFWJPXGAPRA~NM1*82*2*THE RENFREW CENTER OF NORTH CAROLIN*****XX*1841497518~REF*1L*0192690-010-00906- A~REF*CE*AETNA CHOICE  POS II NET 00454~DTM*232*20260629~DTM*233*20260702~DTM*050*20260707~PER*CX**TE*8886323862~AMT*AU*2250~SVC*HC:S9480*750*329*0905*1~DTM*472*20260629~CAS*CO*45*421~REF*6R*CX157630X67750.002~AMT*B6*329~SVC*HC:S9480*750*329*0905*1~DTM*472*20260630~CAS*CO*45*421~REF*6R*CX157630X67751.001~AMT*B6*329~SVC*HC:S9480*750*329*0905*1~DTM*472*20260702~CAS*CO*45*421~REF*6R*CX157630X67753.003~AMT*B6*329~PLB*1841497518*20261231*FB:926185000018022*3691.85*WO:EKADT5KYZ0000-CX152146X1-2026-02-16*987*CS:EKADT5KYZ0000-CX152146X1-2026-02-16*-987*WO:EK37T32RG0000-CX152144X1-2026-02-16*309.65*CS:EK37T32RG0000-CX152144X1-2026-02-16*-309.65*WO:ERFDT20840000-CX151887X1-2026-02-09*296.1~PLB*1841497518*20261231*CS:ERFDT20840000-CX151887X1-2026-02-09*-296.1*WO:ETADR370P0000-CX151629X1-2026-02-05*98.7*CS:ETADR370P0000-CX151629X1-2026-02-05*-98.7*WO:ETJNSLTKY0000-CX152381X1-2026-02-23*197.4*CS:ETJNSLTKY0000-CX152381X1-2026-02-23*-197.4*WO:E3JNSLZW10000-CX152853X1-2026-03-02*601~PLB*1841497518*20261231*CS:E3JNSLZW10000-CX152853X1-2026-03-02*-601*WO:E4Y2SNB6X0000-CX153090X1-2026-03-09*601*CS:E4Y2SNB6X0000-CX153090X1-2026-03-09*-601*WO:E9JDQY4VL0000-CX150464X1-2026-01-05*533.75*CS:E9JDQY4VL0000-CX150464X1-2026-01-05*-533.75*FB:926192000006755*-67.25~SE*132*000000001~GE*1*797008701~IEA*1*797008701~