ISA*00*          *00*          *ZZ*CHC            *ZZ*00962249       *260710*0619*^*00501*693806482*0*P*:~GS*HP*CHC*00962249*20260710*06192900*693806482*X*005010X221A1~ST*835*000000001~BPR*I*608.94*C*ACH*CCP*01*011900445*DA*0000009046*1066033492**01*121000248*DA*4122170038*20260715~TRN*1*826191000202536*1066033492~REF*EV*133052274~DTM*405*20260710~N1*PR*AETNA~N3*151 FARMINGTON AVENUE~N4*HARTFORD*CT*06156~REF*2U*60054~PER*BL*PROVIDER SERVICE~N1*PE*THE RENFREW CENTER OF TENNESSEE*XX*1083812762~N3*PO BOX 713700~N4*PHILADELPHIA*PA*191713700~REF*PQ*174749620~REF*TJ*205497459~LX*1~TS3*1083812762*22*20261231*1*1500~CLP*CX157629X1*1*1500*608.94**13*EQTYXT0YK0000*13*3~NM1*QC*1*PHILLIPS*KAITLYN****MI*W289432268~REF*1L*0811338-012-00102-QA~REF*CE*AETNA CHOICE  POS II NET 00395~DTM*232*20260629~DTM*233*20260630~DTM*050*20260707~PER*CX**TE*8886323862~AMT*AU*1500~SVC*HC:S9480*750*304.47*0905*1~DTM*472*20260629~CAS*CO*45*445.53~REF*6R*CX157629X67750.001~AMT*B6*304.47~SVC*HC:S9480*750*304.47*0905*1~DTM*472*20260630~CAS*CO*45*445.53~REF*6R*CX157629X67751.002~AMT*B6*304.47~SE*37*000000001~GE*1*693806482~IEA*1*693806482~