ISA*00*          *00*          *ZZ*CHC            *ZZ*00962249       *260711*0343*^*00501*803606852*0*P*:~GS*HP*CHC*00962249*20260711*03433900*803606852*X*005010X221A1~ST*835*000000001~BPR*I*2327.15*C*ACH*CCP*01*124384877*DA*1470858534*1411289245*000087726*01*121000248*DA*4122170038*20260715~TRN*1*W365142750*1411289245*000087726~REF*EV*B00099999800~REF*F2*1083~DTM*405*20260710~N1*PR*UNITED HEALTHCARE INSURANCE COMPANY~N3*9900 BREN ROAD~N4*MINNETONKA*MN*553439664~REF*2U*87726~PER*CX*ATLANTA SERVICE CENTER*TE*8778423210~PER*BL*UNKNOWN*UR*WWW.UNITEDHEALTHCAREONLINE.COM/B2C/CONTACTUS.DO~N1*PE*THE RENFREW CENTER OF NEW JERSEY LLC*XX*1164514691~N3*PO BOX 823700~N4*PHILADELPHIA*PA*19182~REF*TJ*223704728~LX*1~TS3*1164514691*13*20261231*1*7500~CLP*CX156990X1*1*7500*2327.15*457.85*13*FV43488643 0016489118*13*3~NM1*QC*1*TEO*CATHERINE~NM1*IL*1*TEO*STEVE****MI*980614867~REF*1L*927534~REF*CE*CHOYC+~REF*G1*QM32MU-01~REF*BB*QM32MU01~REF*EA*IDX136244X3~DTM*232*20260615~DTM*233*20260619~DTM*050*20260625~AMT*AU*7500~SVC*HC:H0035*1500*366.28*0912*1~DTM*150*20260615~DTM*151*20260619~CAS*CO*45*1042.15~CAS*PR*2*91.57~REF*6R*CX156990X67736.001~AMT*B6*457.85~SVC*HC:H0035*1500*366.28*0912*1~DTM*150*20260615~DTM*151*20260619~CAS*PR*2*91.57~CAS*CO*45*1042.15~REF*6R*CX156990X67737.002~AMT*B6*457.85~SVC*HC:H0035*1500*366.28*0912*1~DTM*150*20260615~DTM*151*20260619~CAS*PR*2*91.57~CAS*CO*45*1042.15~REF*6R*CX156990X67738.001~AMT*B6*457.85~SVC*HC:H0035*1500*366.28*0912*1~DTM*150*20260615~DTM*151*20260619~CAS*PR*2*91.57~CAS*CO*45*1042.15~REF*6R*CX156990X67739.001~AMT*B6*457.85~SVC*HC:H0035*1500*862.03*0912*1~DTM*150*20260615~DTM*151*20260619~CAS*CO*45*546.4~CAS*PR*2*91.57~REF*6R*CX156990X67740.002~AMT*B6*953.6~SE*66*000000001~GE*1*803606852~IEA*1*803606852~