ISA*00*          *00*          *ZZ*CHC            *ZZ*00962249       *260627*2343*^*00501*658804136*0*P*:~GS*HP*CHC*00962249*20260627*23433900*658804136*X*005010X221A1~ST*835*000000001~BPR*I*3861*C*ACH*CCP*01*004401195*DA*0000070420*1411648670**01*121000248*DA*4122170038*20260629~TRN*1*260625090049918*1411648670~REF*EV*133052274~REF*F2*PM~DTM*405*20260626~N1*PR*EVERNORTH BEHAVIORAL HEALTH, INC.~N3*P.O. BOX 182223~N4*CHATTANOOGA*TN*374227223~REF*2U*62308~PER*BL*EDI HELP DESK*TE*8008103388~N1*PE*RENFREW CTR OF PA*XX*1417971904~N3*PO BOX 713700~N4*PHILADELPHIA*PA*191713700~REF*TJ*200994813~LX*1~TS3*1417971904*13*20261231*3*8250~CLP*CX156921X2*1*2250*1053**13*9682617503340*13*3~NM1*QC*1*MITCHELL*MARGARET****MI*U0201974302~NM1*IL*1*MITCHELL*JOSHUA****MI*U0201974301~REF*1L*3346483~REF*CE*OPEN ACCESS PLUS~REF*EA*IDX135379X3~REF*G1*NO AUTH REQUIRED~DTM*050*20260624~DTM*232*20260615~DTM*233*20260619~PER*CX*MEMBER SERVICES*TE*8002446224~AMT*AU*1053~SVC*HC:S9480*750*351*0905*1~DTM*150*20260615~DTM*151*20260615~CAS*CO*45*399~REF*6R*CX156921X67736.001~AMT*B6*351~SVC*HC:S9480*750*351*0905*1~DTM*150*20260617~DTM*151*20260617~CAS*CO*45*399~REF*6R*CX156921X67738.002~AMT*B6*351~SVC*HC:S9480*750*351*0905*1~DTM*150*20260619~DTM*151*20260619~CAS*CO*45*399~REF*6R*CX156921X67740.001~AMT*B6*351~CLP*CX156920X1*1*2250*1053**13*9652617596746*13*2~NM1*QC*1*ZAWADA-DAS*KATHERINE****MI*U6521901703~NM1*IL*1*ZAWADA-DAS*WOJCIECH****MI*U6521901701~REF*1L*3331799~REF*CE*OPEN ACCESS PLUS IN-NETWORK~REF*EA*IDX135269X11~REF*G1*NO AUTH REQUIRED~DTM*050*20260624~DTM*232*20260615~DTM*233*20260618~PER*CX*MEMBER SERVICES*TE*8002446224~AMT*AU*1053~SVC*HC:S9480*750*351*0905*1~DTM*150*20260615~DTM*151*20260615~CAS*CO*45*399~REF*6R*CX156920X67736.001~AMT*B6*351~SVC*HC:S9480*750*351*0905*1~DTM*150*20260617~DTM*151*20260617~CAS*CO*45*399~REF*6R*CX156920X67738.002~AMT*B6*351~SVC*HC:S9480*750*351*0905*1~DTM*150*20260618~DTM*151*20260618~CAS*CO*45*399~REF*6R*CX156920X67739.002~AMT*B6*351~CLP*CX156922X3*1*3750*1755**13*4682617501247*13*2~NM1*QC*1*RUARK*EVA****MI*U8142306703~NM1*IL*1*RUARK*BRIAN****MI*U8142306701~REF*1L*3334085~REF*CE*OPEN ACCESS PLUS~REF*EA*IDX135468X8~DTM*050*20260624~DTM*232*20260615~DTM*233*20260619~PER*CX*MEMBER SERVICES*TE*8002446224~AMT*AU*1755~SVC*HC:S9480*750*351*0905*1~DTM*150*20260615~DTM*151*20260615~CAS*CO*45*399~REF*6R*CX156922X67736.002~AMT*B6*351~SVC*HC:S9480*750*351*0905*1~DTM*150*20260616~DTM*151*20260616~CAS*CO*45*399~REF*6R*CX156922X67737.001~AMT*B6*351~SVC*HC:S9480*750*351*0905*1~DTM*150*20260617~DTM*151*20260617~CAS*CO*45*399~REF*6R*CX156922X67738.002~AMT*B6*351~SVC*HC:S9480*750*351*0905*1~DTM*150*20260618~DTM*151*20260618~CAS*CO*45*399~REF*6R*CX156922X67739.001~AMT*B6*351~SVC*HC:S9480*750*351*0905*1~DTM*150*20260619~DTM*151*20260619~CAS*CO*45*399~REF*6R*CX156922X67740.001~AMT*B6*351~SE*119*000000001~GE*1*658804136~IEA*1*658804136~