ISA*00*          *00*          *ZZ*CHC            *ZZ*00962249       *260715*1727*^*00501*176207994*0*P*:~GS*HP*CHC*00962249*20260715*17273100*176207994*X*005010X221A1~ST*835*000000001~BPR*I*789.6*C*CHK************20260708~TRN*1*964993652*1411648670~REF*EV*133052274~REF*F2*PM~DTM*405*20260715~N1*PR*EVERNORTH BEHAVIORAL HEALTH, INC.~N3*P. O. BOX 182223~N4*CHATTANOOGA*TN*374227223~REF*2U*62308~PER*BL*EDI HELP DESK*TE*8008103388~N1*PE*RENFREW CTR OF TN*XX*1083812762~N3*PO BOX 713700~N4*PHILADELPHIA*PA*191713700~REF*TJ*205497459~LX*1~TS3*1083812762*13*20261231*1*2250~CLP*CX157660X1*1*2250*789.6*197.4*13*9222618992629*13*3~NM1*QC*1*PULVERMACHER*ABIGAIL*K***MI*U5481644503~NM1*IL*1*PULVERMACHER*KEVIN****MI*U5481644501~REF*1L*3340191~REF*CE*OPEN ACCESS PLUS~REF*EA*IDX136260X3~REF*G1*NO AUTHORIZATION REQUIRED~DTM*050*20260708~DTM*232*20260629~DTM*233*20260702~PER*CX*MEMBER SERVICES*TE*8002446224~AMT*AU*987~SVC*HC:S9480:95*750*263.2*0905*1~DTM*150*20260629~DTM*151*20260629~CAS*CO*45*421~CAS*PR*2*65.8~REF*6R*CX157660X67750.003~AMT*B6*329~SVC*HC:S9480:95*750*263.2*0905*1~DTM*150*20260701~DTM*151*20260701~CAS*CO*45*421~CAS*PR*2*65.8~REF*6R*CX157660X67752.001~AMT*B6*329~SVC*HC:S9480:95*750*263.2*0905*1~DTM*150*20260702~DTM*151*20260702~CAS*CO*45*421~CAS*PR*2*65.8~REF*6R*CX157660X67753.002~AMT*B6*329~SE*51*000000001~GE*1*176207994~IEA*1*176207994~