ISA*00*          *00*          *ZZ*CHC            *ZZ*00962249       *260609*1458*^*00501*963405268*0*P*:~GS*HP*CHC*00962249*20260609*14583700*963405268*X*005010X221A1~ST*835*000000001~BPR*H*0*C*NON************20260609~TRN*1*260609190043745*1591031071~REF*EV*133052274~REF*F2*PM~DTM*405*20260609~N1*PR*CIGNA HEALTH AND LIFE INSURANCE COMPANY~N3*P.O. BOX 182223~N4*CHATTANOOGA*TN*374227223~REF*2U*62308~PER*BL*EDI HELP DESK*TE*8008103388~N1*PE*RENFREW CTR OF MD*XX*1093940405~N3*PO BOX 713700~N4*PHILADELPHIA*PA*191713700~REF*TJ*264628647~LX*1~TS3*1093940405*13*20261231*1*1500~CLP*CX156116X2*1*1500*0*766*13*9672615491816*13*3~NM1*QC*1*BETZ*SASHA****MI*81843686902~NM1*IL*1*BETZ*JUSTIN****MI*81843686901~REF*1L*3331238~REF*CE*OPEN ACCESS PLUS~REF*EA*IDX135192X5~REF*G1*NO AUTHORIZATION REQUIRED~DTM*050*20260603~DTM*232*20260527~DTM*233*20260528~PER*CX*MEMBER SERVICES*TE*8002446224~AMT*AU*766~SVC*HC:S9480*750*0*0905***1~DTM*150*20260527~DTM*151*20260527~CAS*CO*45*367~CAS*PR*1*383~REF*6R*CX156116X67717.001~AMT*B6*383~SVC*HC:S9480*750*0*0905***1~DTM*150*20260528~DTM*151*20260528~CAS*CO*45*367~CAS*PR*1*383~REF*6R*CX156116X67718.001~AMT*B6*383~SE*44*000000001~GE*1*963405268~IEA*1*963405268~