ISA*00*          *00*          *ZZ*CHC            *ZZ*00962249       *260623*0617*^*00501*228006493*0*P*:~GS*HP*CHC*00962249*20260623*06174600*228006493*X*005010X221A1~ST*835*000000001~BPR*I*29749*C*ACH*CCP*01*011900445*DA*0000009046*1066033492**01*121000248*DA*4122170038*20260626~TRN*1*826174000195663*1066033492~REF*EV*133052274~DTM*405*20260623~N1*PR*AETNA~N3*151 FARMINGTON AVENUE~N4*HARTFORD*CT*06156~REF*2U*60054~PER*BL*PROVIDER SERVICE~N1*PE*THE RENFREW CENTER OF PHILADELPHIA LLC*XX*1417971904~N3*PO BOX 713700~N4*PHILADELPHIA*PA*191713700~REF*PQ*182224660~REF*TJ*200994813~LX*1~TS3*1417971904*22*20261231*1*7500~CLP*CX156683X1*1*7500*3265**13*EKTYXG0C60000*13*2~NM1*QC*1*STANTON*CARRIE~NM1*IL*1*STANTON*KIMBERLY****MI*W280373806~NM1*82*2*THE RENFREW CENTER OF PITTSBURGH*****XX*1417971904~REF*G1*074954934~REF*1L*0283903-011-00024-EC~REF*CE*AETNA CHOICE  POS II NET 02152~DTM*232*20260608~DTM*233*20260612~DTM*050*20260617~PER*CX**TE*8886323862~AMT*AU*7500~SVC*HC:H0035*1500*653*0912*1~DTM*472*20260608~CAS*CO*45*847~REF*6R*CX156683X67729.003~AMT*B6*653~SVC*HC:H0035*1500*653*0912*1~DTM*472*20260609~CAS*CO*45*847~REF*6R*CX156683X67730.004~AMT*B6*653~SVC*HC:H0035*1500*653*0912*1~DTM*472*20260610~CAS*CO*45*847~REF*6R*CX156683X67731.002~AMT*B6*653~SVC*HC:H0035*1500*653*0912*1~DTM*472*20260611~CAS*CO*45*847~REF*6R*CX156683X67732.002~AMT*B6*653~SVC*HC:H0035*1500*653*0912*1~DTM*472*20260612~CAS*CO*45*847~REF*6R*CX156683X67733.003~AMT*B6*653~LX*2~TS3*1417971904*22*20261231*2*10500~CLP*CX156668X2*1*4500*1959**13*EGTYXGMX00000*13*3~NM1*QC*1*COHEN*SAMARA~NM1*IL*1*COHEN*EDAN****MI*0000196210~NM1*74*1******C*W293722774~NM1*82*2*THE RENFREW CENTER OF PENNSYLVANIA,*****XX*1417971904~REF*G1*074585768~REF*1L*0697478-013-00001-EB~REF*CE*AETNA CHOICE  POS II NET 00408~DTM*232*20260608~DTM*233*20260611~DTM*050*20260616~PER*CX**TE*8886323862~AMT*AU*4500~SVC*HC:H0035*1500*653*0912*1~DTM*472*20260608~CAS*CO*45*847~REF*6R*CX156668X67729.004~AMT*B6*653~SVC*HC:H0035*1500*653*0912*1~DTM*472*20260610~CAS*CO*45*847~REF*6R*CX156668X67731.005~AMT*B6*653~SVC*HC:H0035*1500*653*0912*1~DTM*472*20260611~CAS*CO*45*847~REF*6R*CX156668X67732.004~AMT*B6*653~CLP*CX156667X1*1*6000*2612**13*EHFDXGQMQ0000*13*2~NM1*QC*1*GIBNEY-KRASHEN*ALEXIS~NM1*IL*1*KRASHEN*DANIEL****MI*W280817439~NM1*82*2*THE RENFREW CENTER OF PENNSYLVANIA,*****XX*1417971904~REF*G1*075005468~REF*1L*0811778-020-00002- E~REF*CE*AETNA CHOICE  POS II NET 00408~DTM*232*20260609~DTM*233*20260612~DTM*050*20260616~PER*CX**TE*8886323862~AMT*AU*6000~SVC*HC:H0035*1500*653*0912*1~DTM*472*20260609~CAS*CO*45*847~REF*6R*CX156667X67730.004~AMT*B6*653~SVC*HC:H0035*1500*653*0912*1~DTM*472*20260610~CAS*CO*45*847~REF*6R*CX156667X67731.006~AMT*B6*653~SVC*HC:H0035*1500*653*0912*1~DTM*472*20260611~CAS*CO*45*847~REF*6R*CX156667X67732.004~AMT*B6*653~SVC*HC:H0035*1500*653*0912*1~DTM*472*20260612~CAS*CO*45*847~REF*6R*CX156667X67733.004~AMT*B6*653~LX*3~TS3*1417971904*22*20261231*3*14250~CLP*CX156678X1*1*6000*2612**12*EHPDXBKDP0000*13*3~NM1*QC*1*DILLEN*SHAYLEE****MI*W286904557~NM1*82*2*THE RENFREW CENTER OF PENNSYLVANIA,*****XX*1417971904~REF*1L*0878581-012-00002-PQ~REF*CE*OPEN CHOICE NET 00140~DTM*232*20260608~DTM*233*20260611~DTM*050*20260616~PER*CX**TE*8886323862~AMT*AU*6000~SVC*HC:H0035:95*1500*653*0912*1~DTM*472*20260608~CAS*CO*45*847~REF*6R*CX156678X67729.001~AMT*B6*653~SVC*HC:H0035:95*1500*653*0912*1~DTM*472*20260609~CAS*CO*45*847~REF*6R*CX156678X67730.003~AMT*B6*653~SVC*HC:H0035:95*1500*653*0912*1~DTM*472*20260610~CAS*CO*45*847~REF*6R*CX156678X67731.002~AMT*B6*653~SVC*HC:H0035:95*1500*653*0912*1~DTM*472*20260611~CAS*CO*45*847~REF*6R*CX156678X67732.003~AMT*B6*653~CLP*CX156672X1*1*3750*1790**13*EHY2XFX030000*13*3~NM1*QC*1*LEVY*RACHEL~NM1*82*2*THE RENFREW CENTER OF PENNSYLVANIA,*****XX*1417971904~REF*1L*0477278-012-00701-BB~REF*CE*AETNA CHOICE  POS II NET 00408~DTM*232*20260608~DTM*233*20260612~DTM*050*20260616~PER*CX**TE*8886323862~AMT*AU*3750~SVC*HC:S9480*750*358*0905*1~DTM*472*20260608~CAS*CO*45*392~REF*6R*CX156672X67729.001~AMT*B6*358~SVC*HC:S9480*750*358*0905*1~DTM*472*20260609~CAS*CO*45*392~REF*6R*CX156672X67730.001~AMT*B6*358~SVC*HC:S9480*750*358*0905*1~DTM*472*20260610~CAS*CO*45*392~REF*6R*CX156672X67731.001~AMT*B6*358~SVC*HC:S9480*750*358*0905*1~DTM*472*20260611~CAS*CO*45*392~REF*6R*CX156672X67732.002~AMT*B6*358~SVC*HC:S9480*750*358*0905*1~DTM*472*20260612~CAS*CO*45*392~REF*6R*CX156672X67733.003~AMT*B6*358~CLP*CX156671X1*1*4500*1959**12*EJADXHCW50000*13*4~NM1*QC*1*DILMORE-SEHLHOFF*EIREN~NM1*IL*1*SEHLHOFF*KELLY****MI*W274994376~NM1*82*2*THE RENFREW CENTER OF PENNSYLVANIA,*****XX*1417971904~REF*G1*074662340~REF*1L*0863782-010-00004- A~REF*CE*OPEN ACCESS AETNA SELECT  8480 NET 01217~DTM*232*20260608~DTM*233*20260610~DTM*050*20260616~PER*CX**TE*8886323862~AMT*AU*4500~SVC*HC:H0035*1500*653*0912*1~DTM*472*20260608~CAS*CO*45*847~REF*6R*CX156671X67729.002~AMT*B6*653~SVC*HC:H0035*1500*653*0912*1~DTM*472*20260609~CAS*CO*45*847~REF*6R*CX156671X67730.001~AMT*B6*653~SVC*HC:H0035*1500*653*0912*1~DTM*472*20260610~CAS*CO*45*847~REF*6R*CX156671X67731.001~AMT*B6*653~LX*4~TS3*1417971904*55*20261231*2*36000~CLP*CX156387X2*1*15000*6480**13*ECADXBJRT0000*11*4~NM1*QC*1*STANTON*CARRIE~NM1*IL*1*STANTON*KIMBERLY****MI*W280373806~NM1*82*2*THE RENFREW CENTER OF PENNSYLVANIA*****XX*1417971904~REF*G1*074605880~REF*1L*0283903-011-00024-EC~REF*CE*AETNA CHOICE  POS II NET 00408~DTM*232*20260601~DTM*233*20260605~DTM*050*20260609~PER*CX**TE*8886323862~AMT*AU*15000~SVC*NU:0124*3000*1296**1*NU:1001~DTM*472*20260601~CAS*CO*45*1704~REF*6R*CX156387X67722.003~AMT*B6*1296~SVC*NU:0124*3000*1296**1*NU:1001~DTM*472*20260602~CAS*CO*45*1704~REF*6R*CX156387X67723.003~AMT*B6*1296~SVC*NU:0124*3000*1296**1*NU:1001~DTM*472*20260603~CAS*CO*45*1704~REF*6R*CX156387X67724.007~AMT*B6*1296~SVC*NU:0124*3000*1296**1*NU:1001~DTM*472*20260604~CAS*CO*45*1704~REF*6R*CX156387X67725.003~AMT*B6*1296~SVC*NU:0124*3000*1296**1*NU:1001~DTM*472*20260605~CAS*CO*45*1704~REF*6R*CX156387X67726.004~AMT*B6*1296~CLP*CX156630X1*1*21000*9072**13*EJFDXG68B0000*11*3~NM1*QC*1*LOWE*ARIANA~NM1*IL*1*LOWE*ANTHONY****MI*W271676428~NM1*82*2*THE RENFREW CENTER OF PENNSYLVANIA*****XX*1417971904~REF*G1*074871521~REF*1L*0192643-010-00001- E~REF*CE*AETNA CHOICE  POS II NET 00408~DTM*232*20260608~DTM*233*20260614~DTM*050*20260616~PER*CX**TE*8886323862~AMT*AU*21000~SVC*NU:0124*3000*1296**1*NU:1001~DTM*472*20260608~CAS*CO*45*1704~REF*6R*CX156630X67729.001~AMT*B6*1296~SVC*NU:0124*3000*1296**1*NU:1001~DTM*472*20260609~CAS*CO*45*1704~REF*6R*CX156630X67730.004~AMT*B6*1296~SVC*NU:0124*3000*1296**1*NU:1001~DTM*472*20260610~CAS*CO*45*1704~REF*6R*CX156630X67731.002~AMT*B6*1296~SVC*NU:0124*3000*1296**1*NU:1001~DTM*472*20260611~CAS*CO*45*1704~REF*6R*CX156630X67732.004~AMT*B6*1296~SVC*NU:0124*3000*1296**1*NU:1001~DTM*472*20260612~CAS*CO*45*1704~REF*6R*CX156630X67733.002~AMT*B6*1296~SVC*NU:0124*3000*1296**1*NU:1001~DTM*472*20260613~CAS*CO*45*1704~REF*6R*CX156630X67734.001~AMT*B6*1296~SVC*NU:0124*3000*1296**1*NU:1001~DTM*472*20260614~CAS*CO*45*1704~REF*6R*CX156630X67735.001~AMT*B6*1296~SE*297*000000001~GE*1*228006493~IEA*1*228006493~