ISA*00*          *00*          *ZZ*CHC            *ZZ*00962249       *260626*1029*^*00501*520208421*0*P*:~GS*HP*CHC*00962249*20260626*10293900*520208421*X*005010X221A1~ST*835*000000001~BPR*H*0*C*NON************20260626~TRN*1*9222617092666 20260619 0066961*1411648670~REF*EV*133052274~REF*F2*PM~DTM*405*20260626~N1*PR*EVERNORTH BEHAVIORAL HEALTH, INC.~N3*P. O. BOX 182223~N4*CHATTANOOGA*TN*374227223~REF*2U*62308~PER*BL*EDI HELP DESK*TE*8008103388~N1*PE*RENFREW CTR OF TN*XX*1083812762~N3*PO BOX 713700~N4*PHILADELPHIA*PA*191713700~REF*TJ*205497459~LX*1~TS3*1083812762*13*20261231*1*2250~CLP*CX156858X1*1*2250*0*987*13*9222617092666*13*2~NM1*QC*1*PULVERMACHER*ABIGAIL*K***MI*U5481644503~NM1*IL*1*PULVERMACHER*KEVIN****MI*U5481644501~REF*1L*3340191~REF*CE*OPEN ACCESS PLUS~REF*EA*IDX136260X3~REF*G1*NO AUTHORIZATION REQUIRED~DTM*050*20260619~DTM*232*20260608~DTM*233*20260611~PER*CX*MEMBER SERVICES*TE*8002446224~AMT*AU*987~SVC*HC:S9480:95*750*0*0905***1~DTM*150*20260608~DTM*151*20260608~CAS*CO*45*421~CAS*PR*1*329~REF*6R*CX156858X67729.003~AMT*B6*329~SVC*HC:S9480:95*750*0*0905***1~DTM*150*20260610~DTM*151*20260610~CAS*CO*45*421~CAS*PR*1*329~REF*6R*CX156858X67731.001~AMT*B6*329~SVC*HC:S9480:95*750*0*0905***1~DTM*150*20260611~DTM*151*20260611~CAS*CO*45*421~CAS*PR*1*329~REF*6R*CX156858X67732.002~AMT*B6*329~SE*51*000000001~GE*1*520208421~IEA*1*520208421~