ISA*00*          *00*          *ZZ*CHC            *ZZ*00962249       *260714*0611*^*00501*943606334*0*P*:~GS*HP*CHC*00962249*20260714*06113900*943606334*X*005010X221A1~ST*835*000000001~BPR*I*4470*C*ACH*CCP*01*031100209*DA*0000009108*1066033492**01*121000248*DA*4122170038*20260717~TRN*1*826195000175851*1066033492~REF*EV*133052274~DTM*405*20260714~N1*PR*AETNA~N3*151 FARMINGTON AVENUE~N4*HARTFORD*CT*06156~REF*2U*60054~PER*BL*PROVIDER SERVICE~N1*PE*THE RENFREW CENTER OF MASSACHUSETTS, LLC*XX*1346674215~N3*PO BOX 713700~N4*PHILADELPHIA*PA*191713700~REF*PQ*046923740~REF*TJ*463400788~LX*1~TS3*1346674215*11*20261231*3*10500~CLP*CX157623X2*1*6000*2400**12*E2618805230000*13*3~NM1*QC*1*MARZKE*CASSANDRA****MI*W287955595~REF*1L*0711110-036-00101-UE~REF*CE*PPO-MEDICAL NET 00124~DTM*232*20260629~DTM*233*20260702~DTM*050*20260707~PER*CX**TE*8886323862~AMT*AU*6000~SVC*HC:H0035*1500*600**1~DTM*472*20260629~CAS*CO*45*900~REF*6R*CX157623X67750.002~AMT*B6*600~SVC*HC:H0035*1500*600**1~DTM*472*20260630~CAS*CO*45*900~REF*6R*CX157623X67751.002~AMT*B6*600~SVC*HC:H0035*1500*600**1~DTM*472*20260701~CAS*CO*45*900~REF*6R*CX157623X67752.001~AMT*B6*600~SVC*HC:H0035*1500*600**1~DTM*472*20260702~CAS*CO*45*900~REF*6R*CX157623X67753.002~AMT*B6*600~CLP*CX157624X1*1*2250*1035**12*E2618805290000*13*3~NM1*QC*1*STEPHENS*MIA****MI*W281493469~REF*1L*0711110-036-00101-UE~REF*CE*PPO-MEDICAL NET 00124~DTM*232*20260629~DTM*233*20260702~DTM*050*20260707~PER*CX**TE*8886323862~AMT*AU*2250~SVC*HC:S9480*750*345**1~DTM*472*20260629~CAS*CO*45*405~REF*6R*CX157624X67750.002~AMT*B6*345~SVC*HC:S9480*750*345**1~DTM*472*20260701~CAS*CO*45*405~REF*6R*CX157624X67752.001~AMT*B6*345~SVC*HC:S9480*750*345**1~DTM*472*20260702~CAS*CO*45*405~REF*6R*CX157624X67753.001~AMT*B6*345~CLP*CX157627X4*1*2250*1035**12*E2618805450000*13*2~NM1*QC*1*HUANG*HELLEN****MI*W261474572~REF*1L*0711110-036-00101-UE~REF*CE*PPO-MEDICAL NET 00124~DTM*232*20260629~DTM*233*20260701~DTM*050*20260707~PER*CX**TE*8886323862~AMT*AU*2250~SVC*HC:S9480*750*345**1~DTM*472*20260629~CAS*CO*45*405~REF*6R*CX157627X67750.002~AMT*B6*345~SVC*HC:S9480*750*345**1~DTM*472*20260630~CAS*CO*45*405~REF*6R*CX157627X67751.002~AMT*B6*345~SVC*HC:S9480*750*345**1~DTM*472*20260701~CAS*CO*45*405~REF*6R*CX157627X67752.001~AMT*B6*345~SE*95*000000001~GE*1*943606334~IEA*1*943606334~