ISA*00*          *00*          *ZZ*CHC            *ZZ*00962249       *260605*2024*^*00501*727404999*0*P*:~GS*HP*CHC*00962249*20260605*20242000*727404999*X*005010X221A1~ST*835*000000001~BPR*I*296*C*ACH*CCP*01*043000096*DA*1029051682*1411289245*000087726*01*121000248*DA*4122170038*20260606~TRN*1*XD00128986*1411289245*000087726~REF*EV*B00099999800~REF*F2*1083~DTM*405*20260605~N1*PR*UNITED HEALTHCARE INSURANCE COMPANY~N3*GREENSBORO SERVICE CENTER*PO BOX 740800~N4*ATLANTA*GA*303740800~REF*2U*87726~PER*CX*GREENSBORO SERVICE CENTER*TE*8778423210~PER*BL*UNKNOWN*UR*UHCPROVIDER.COM/EN/CONTACT-US.HTML~N1*PE*RENFREW CENTERS LLC*XX*1417971904~N3*PO BOX 827868~N4*PHILADELPHIA*PA*19182~REF*TJ*200994813~LX*1~TS3*1417971904*13*20261231*1*750~CLP*CX154363X1*1*750*296**13*FT24517093 0106289534*13*1~NM1*QC*1*FLEMING*ANNABEL~NM1*IL*1*FLEMING*LINDSAY****MI*980261682~NM1*74*1**PATRICK*J~REF*G1*R37PVD-01~REF*EA*IDX135173X6~REF*BB*YS63WD01~REF*1L*932486~REF*CE*CHOYC+~DTM*232*20260413~DTM*233*20260413~DTM*050*20260422~AMT*AU*750~SVC*HC:S9480*750*296*0905*1~DTM*472*20260413~CAS*CO*45*454~REF*6R*CX154363X67673.001~AMT*B6*296~SE*37*000000001~GE*1*727404999~IEA*1*727404999~