ISA*00*          *00*          *ZZ*CHC            *ZZ*00962249       *260613*0812*^*00501*391007859*0*P*:~GS*HP*CHC*00962249*20260613*08121500*391007859*X*005010X221A1~ST*835*000000001~BPR*I*1044*C*CHK************20260612~TRN*1*768051075*1591031071~REF*EV*133052274~REF*F2*GWFC~DTM*405*20260612~N1*PR*GREATWESTHEALTHCARE-CIGNA~N3*8505 E. ORCHARD RD~N4*GREENWOOD VILLAGE*CO*80111~REF*2U*62308~PER*CX*GWHC EDIPROD*EM*EDIESCALATEDREQUESTS@CIGNA.COM*TE*8008103388~PER*BL*EDI HELP DESK*TE*8008103388~N1*PE*RENFREW CENTER OF MASSACHUSETTS*XX*1346674215~N3*PO BOX 713700~N4*PHILADELPHIA*PA*191713700~REF*PQ*200017679834~REF*TJ*463400788~LX*1~TS3*1346674215*13*20261231*1*2250~CLP*CX156592X1*1*2250*1044**13*262154308500*13*3~NM1*QC*1*MEEHAN*MEGAN*M***MI*11164224700~REF*1L*00659045~REF*CE*OPEN ACCESS PLUS~REF*EA*IDX133939X7~REF*G1*NO PRIOR AUTH~DTM*050*20260611~DTM*232*20260601~DTM*233*20260604~AMT*AU*1044~SVC*HC:S9480*750*348*0905*1~DTM*150*20260601~DTM*151*20260601~CAS*CO*45*402~REF*APC*0~REF*6R*CX156592X67722.002~AMT*B6*348~SVC*HC:S9480*750*348*0905*1~DTM*150*20260603~DTM*151*20260603~CAS*CO*45*402~REF*APC*0~REF*6R*CX156592X67724.003~AMT*B6*348~SVC*HC:S9480*750*348*0905*1~DTM*150*20260604~DTM*151*20260604~CAS*CO*45*402~REF*APC*0~REF*6R*CX156592X67725.001~AMT*B6*348~SE*51*000000001~GE*1*391007859~IEA*1*391007859~