ISA*00*          *00*          *ZZ*CHC            *ZZ*00962249       *260629*1029*^*00501*767404027*0*P*:~GS*HP*CHC*00962249*20260629*10291800*767404027*X*005010X221A1~ST*835*000000001~BPR*I*2358.73*C*ACH*CCP*01*124384877*DA*720000537*1391995276*0000UMR01*01*121000248*DA*4122170038*20260701~TRN*1*CO33823131639896174451787*1391995276*0000UMR01~REF*EV*841162789~DTM*405*20260623~N1*PR*UMR~N3*PO BOX 30541~N4*SALT LAKE CITY*UT*841300541~REF*2U*39026~PER*CX*UMR EDI TEAM*TE*8005575087~PER*BL*UMR EDI TEAM*EM*UMR-EDI-IT-TEAM DL@DS.UHC.COM~N1*PE*THE RENFREW CENTER OF TENNESSEE LLC*XX*1083812762~N3*PO BOX 823700~N4*PHILADELPHIA*PA*19182~REF*TJ*205497459~LX*1~CLP*CX156834X1*1*7500*2358.73*401.27*12*26170322198*13*3~NM1*QC*1*JONGENEEL*AVA~NM1*IL*1*JONGENEEL*KENRIC****MI*51529418~NM1*82*1*SPISAK*RACHAEL****XX*1063897130~REF*1L*76417701~AMT*AU*7500~SVC*HC:H0035*1500*441.6*0912~DTM*150*20260608~DTM*151*20260612~CAS*CO*45*948~CAS*PR*2*110.4~REF*6R*CX156834X67729.004~AMT*B6*552~SVC*HC:H0035*1500*441.6*0912~DTM*150*20260609~DTM*151*20260612~CAS*CO*45*948~CAS*PR*2*110.4~REF*6R*CX156834X67730.002~AMT*B6*552~SVC*HC:H0035*1500*441.6*0912~DTM*150*20260610~DTM*151*20260612~CAS*CO*45*948~CAS*PR*2*110.4~REF*6R*CX156834X67731.001~AMT*B6*552~SVC*HC:H0035*1500*481.93*0912~DTM*150*20260611~DTM*151*20260612~CAS*CO*45*948~CAS*PR*2*70.07~REF*6R*CX156834X67732.002~AMT*B6*552~SVC*HC:H0035*1500*552*0912~DTM*472*20260612~CAS*CO*45*948~REF*6R*CX156834X67733.002~AMT*B6*552~SE*56*000000001~GE*1*767404027~IEA*1*767404027~