ISA*00*          *00*          *ZZ*CHC            *ZZ*00962249       *260713*0619*^*00501*952403966*0*P*:~GS*HP*CHC*00962249*20260713*06195800*952403966*X*005010X221A1~ST*835*000000001~BPR*I*1959*C*ACH*CCP*01*011900445*DA*0000009046*1066033492**01*121000248*DA*4122170038*20260716~TRN*1*826194000334081*1066033492~REF*EV*133052274~DTM*405*20260713~N1*PR*AETNA~N3*151 FARMINGTON AVENUE~N4*HARTFORD*CT*06156~REF*2U*60054~PER*BL*PROVIDER SERVICE~N1*PE*THE RENFREW CENTER OF PHILADELPHIA LLC*XX*1417971904~N3*PO BOX 713700~N4*PHILADELPHIA*PA*191713700~REF*PQ*182224660~REF*TJ*200994813~LX*1~TS3*1417971904*22*20261231*2*0~CLP*CX155300X1*22*-4500*0**13*EVJNTT6HN0000*13*3~NM1*QC*1*ANTKOWIAK*ANDREA~NM1*IL*1*ANTKOWIAK*MARK****MI*W248171241~NM1*82*2*THE RENFREW CENTER OF PENNSYLVANIA,*****XX*1417971904~REF*1L*0109218-030-00001-IL~REF*CE*AETNA CHOICE  POS II NET 00408~DTM*232*20260506~DTM*233*20260508~DTM*050*20260512~PER*CX**TE*8886323862~SVC*HC:H0035:95*-1500*0*0912*0**1~DTM*472*20260506~CAS*CO*197*-1500*1~REF*6R*CX155300X67696.002~SVC*HC:H0035:95*-1500*0*0912*0**1~DTM*472*20260507~CAS*CO*197*-1500*1~REF*6R*CX155300X67697.002~SVC*HC:H0035:95*-1500*0*0912*0**1~DTM*472*20260508~CAS*CO*197*-1500*1~REF*6R*CX155300X67698.003~CLP*CX155300X1*1*4500*1959**13*EVJNTT6HN0001*13*3~NM1*QC*1*ANTKOWIAK*ANDREA~NM1*IL*1*ANTKOWIAK*MARK****MI*W248171241~NM1*82*2*THE RENFREW CENTER OF PENNSYLVANIA,*****XX*1417971904~REF*1L*0109218-030-00001-IL~REF*CE*AETNA CHOICE  POS II NET 00408~REF*F8*EVJNTT6HN0000~DTM*232*20260506~DTM*233*20260508~DTM*050*20260707~PER*CX**TE*8886323862~AMT*AU*4500~SVC*HC:H0035:95*1500*653*0912*1~DTM*472*20260506~CAS*CO*45*847~REF*6R*CX155300X67696.002~AMT*B6*653~SVC*HC:H0035:95*1500*653*0912*1~DTM*472*20260507~CAS*CO*45*847~REF*6R*CX155300X67697.002~AMT*B6*653~SVC*HC:H0035:95*1500*653*0912*1~DTM*472*20260508~CAS*CO*45*847~REF*6R*CX155300X67698.003~AMT*B6*653~SE*67*000000001~GE*1*952403966~IEA*1*952403966~