ISA*00*          *00*          *ZZ*CHC            *ZZ*00962249       *260605*0854*^*00501*689007624*0*P*:~GS*HP*CHC*00962249*20260605*08540600*689007624*X*005010X221A1~ST*835*000000001~BPR*I*1737*C*ACH*CCP*01*124384877*DA*1470858534*1411289245*000087726*01*121000248*DA*4122170038*20260609~TRN*1*26156B1000037947*1411289245*000087726~REF*EV*B00099999800~DTM*405*20260605~N1*PR*UNITED HEALTHCARE INSURANCE COMPANY~N3*PO BOX 30755~N4*SALT LAKE CITY*UT*841300755~REF*2U*87726~PER*CX*UNITED BEHAVIORAL HEALTH*TE*8003338724~PER*BL*UNKNOWN*UR*WWW.UNITEDHEALTHCAREONLINE.COM/B2C/CONTACTUS.DO~N1*PE*THE RENFREW CENTER OF FLORIDA LLC*XX*1912008137~N3*PO BOX 823700~N4*PHILADELPHIA*PA*19182~REF*TJ*200995125~LX*1~CLP*CX156040X2*1*4500*1737**15*26XE91264800*13*3~NM1*QC*1*ORI*CAROLINE****MI*A8006231403~NM1*IL*1*ORI*KEITH****MI*A8006231400~NM1*74*1***A***C*A80062314~REF*G1*CMD3X~REF*1L*AV001548~REF*CE*THE RENFREW CENTER OF FLORIDA LLC~REF*EA*IDX135892X3~DTM*232*20260526~DTM*233*20260529~DTM*050*20260603~AMT*AU*1737~SVC*HC:H0035*1500*579*0912*1~DTM*472*20260526~CAS*CO*45*921~REF*6R*CX156040X67716.002~AMT*B6*579~SVC*HC:H0035*1500*579*0912*1~DTM*472*20260527~CAS*CO*45*921~REF*6R*CX156040X67717.004~AMT*B6*579~SVC*HC:H0035*1500*579*0912*1~DTM*472*20260529~CAS*CO*45*921~REF*6R*CX156040X67719.003~AMT*B6*579~SE*44*000000001~GE*1*689007624~IEA*1*689007624~