ISA*00*          *00*          *ZZ*CHC            *ZZ*00962249       *260604*0655*^*00501*601404797*0*P*:~GS*HP*CHC*00962249*20260604*06552000*601404797*X*005010X221A1~ST*835*000000001~BPR*H*0*C*NON******9999999999*999999999*****20260602~TRN*1*0024313395*1220999690*8352026060304073775~REF*EV*1164514691~DTM*405*20260602~N1*PR*HORIZON BCBSNJ~N3*P O  BOX 420~N4*NEWARK*NJ*071010420~REF*2U*22099~PER*BL*HORIZON BCBSNJ*EM*HORIZONEDI@HORIZONBLUE.COM*TE*8883349242~N1*PE*THE RENFREW CENTER OF NEW JERS*XX*1164514691~N3*PO BOX 713700~N4*PHILADELPHIA*PA*191713700~REF*PQ*001368~REF*TJ*223704728~LX*1~CLP*CX155606X4*1*15000*0*15000*12*780202614022194   00*13*2~NM1*QC*1*VASTI*SIENNA****MI*ZTO6488791DK~NM1*IL*1*VASTI*CHRISTOPHER****MI*ZTO6488791DK~NM1*82*2*ASHLEY  HOADLEY*****XX*1821357682~DTM*232*20260504~DTM*233*20260515~DTM*050*20260520~PER*CX*HORIZON BLUE CROSS BLUE SHIELD OF NEW JERSEY DIRECT ACCESS*TE*8886662535~AMT*AU*6370~SVC*HC:H0035*1500*0*0912*1~DTM*472*20260504~CAS*PR*204*1500~REF*6R*CX155606X67694.003~REF*APC*00000~LQ*HE*N130~SVC*HC:H0035*1500*0*0912*1~DTM*472*20260505~CAS*PR*204*1500~REF*6R*CX155606X67695.001~REF*APC*00000~LQ*HE*N130~SVC*HC:H0035*1500*0*0912*1~DTM*472*20260506~CAS*PR*204*1500~REF*6R*CX155606X67696.004~REF*APC*00000~LQ*HE*N130~SVC*HC:H0035*1500*0*0912*1~DTM*472*20260507~CAS*PR*204*1500~REF*6R*CX155606X67697.001~REF*APC*00000~LQ*HE*N130~SVC*HC:H0035*1500*0*0912*1~DTM*472*20260508~CAS*PR*204*1500~REF*6R*CX155606X67698.002~REF*APC*00000~LQ*HE*N130~SVC*HC:H0035*1500*0*0912*1~DTM*472*20260511~CAS*PR*204*1500~REF*6R*CX155606X67701.002~REF*APC*00000~LQ*HE*N130~SVC*HC:H0035*1500*0*0912*1~DTM*472*20260512~CAS*PR*204*1500~REF*6R*CX155606X67702.002~REF*APC*00000~LQ*HE*N130~SVC*HC:H0035*1500*0*0912*1~DTM*472*20260513~CAS*PR*204*1500~REF*6R*CX155606X67703.002~REF*APC*00000~LQ*HE*N130~SVC*HC:H0035*1500*0*0912*1~DTM*472*20260514~CAS*PR*204*1500~REF*6R*CX155606X67704.001~REF*APC*00000~LQ*HE*N130~SVC*HC:H0035*1500*0*0912*1~DTM*472*20260515~CAS*PR*204*1500~REF*6R*CX155606X67705.001~REF*APC*00000~LQ*HE*N130~SE*86*000000001~GE*1*601404797~IEA*1*601404797~