ISA*00*          *00*          *ZZ*CHC            *ZZ*00962249       *260627*2343*^*00501*658805291*0*P*:~GS*HP*CHC*00962249*20260627*23433900*658805291*X*005010X221A1~ST*835*000000001~BPR*I*1453.5*C*ACH*CCP*01*093702139*DA*0601849573*1591031071**01*121000248*DA*4122170038*20260629~TRN*1*260625090049917*1591031071~REF*EV*133052274~REF*F2*PM~DTM*405*20260626~N1*PR*CIGNA HEALTH AND LIFE INSURANCE COMPANY~N3*P.O. BOX 182223~N4*CHATTANOOGA*TN*374227223~REF*2U*62308~PER*BL*EDI HELP DESK*TE*8008103388~N1*PE*RENFREW CTR OF FL LLC*XX*1912008137~N3*PO BOX 713700~N4*PHILADELPHIA*PA*191713700~REF*TJ*200995125~LX*1~TS3*1912008137*13*20261231*2*3750~CLP*CX156964X3*1*2250*872.1*96.9*13*7432617593931*13*3~NM1*QC*1*SNOW*MADISON****MI*U0173536704~NM1*IL*1*SNOW*MEGAN****MI*U0173536701~REF*1L*2500070~REF*CE*LOCALPLUS IN~REF*EA*IDX135978X3~DTM*050*20260624~DTM*232*20260615~DTM*233*20260618~PER*CX*MEMBER SERVICES*TE*8002446224~AMT*AU*969~SVC*HC:S9480*750*290.7*0905*1~DTM*150*20260615~DTM*151*20260615~CAS*CO*45*427~CAS*PR*2*32.3~REF*6R*CX156964X67736.001~AMT*B6*323~SVC*HC:S9480*750*290.7*0905*1~DTM*150*20260616~DTM*151*20260616~CAS*CO*45*427~CAS*PR*2*32.3~REF*6R*CX156964X67737.001~AMT*B6*323~SVC*HC:S9480*750*290.7*0905*1~DTM*150*20260618~DTM*151*20260618~CAS*CO*45*427~CAS*PR*2*32.3~REF*6R*CX156964X67739.001~AMT*B6*323~CLP*CX156963X2*1*1500*581.4*64.6*13*8432617595810*13*3~NM1*QC*1*LIM*JOELLE*C***MI*U0181077801~REF*1L*2500070~REF*CE*LOCALPLUS IN~REF*EA*IDX135758X3~DTM*050*20260624~DTM*232*20260615~DTM*233*20260616~PER*CX*MEMBER SERVICES*TE*8002446224~AMT*AU*646~SVC*HC:S9480*750*290.7*0905*1~DTM*150*20260615~DTM*151*20260615~CAS*CO*45*427~CAS*PR*2*32.3~REF*6R*CX156963X67736.001~AMT*B6*323~SVC*HC:S9480*750*290.7*0905*1~DTM*150*20260616~DTM*151*20260616~CAS*CO*45*427~CAS*PR*2*32.3~REF*6R*CX156963X67737.001~AMT*B6*323~SE*74*000000001~GE*1*658805291~IEA*1*658805291~