ISA*00*          *00*          *ZZ*CHC            *ZZ*00962249       *260609*0754*^*00501*941806372*0*P*:~GS*HP*CHC*00962249*20260609*07545600*941806372*X*005010X221A1~ST*835*000000001~BPR*H*0*C*NON************20260610~TRN*1*352755332*1341858379~DTM*405*20260608~N1*PR*INDEPENDENCE BLUE CROSS, LLC~N3*1901 MARKET STREET~N4*PHILADELPHIA*PA*19103~REF*2U*SX055~PER*CX*EDI SUPPORT TEAM*FX*4408355656*TE*4408353511~PER*BL*EDI SUPPORT TEAM~N1*PE*THE RENFREW CENTER OF NEW JERSEY LLC*XX*1164514691~N3*PO BOX 713700~N4*PHILADELPHIA*PA*19171~REF*TJ*223704728~LX*1~CLP*CX155843X2*4*4500*0*4500*HM*20260527505343*13*3~NM1*QC*1*MALONEY*LEAH****MI*QB16026771205~REF*CE*3439005~DTM*232*20260518~DTM*233*20260520~DTM*050*20260605~PER*CX**TE*4408353511~SVC*HC:H0035*1500*0*0912*1**0~DTM*472*20260518~CAS*PR*31*1500*1~REF*6R*CX155843X67708.001~LQ*HE*N382~SVC*HC:H0035*1500*0*0912*1**0~DTM*472*20260519~CAS*PR*31*1500*1~REF*6R*CX155843X67709.003~SVC*HC:H0035*1500*0*0912*1**0~DTM*472*20260520~CAS*PR*31*1500*1~REF*6R*CX155843X67710.001~LQ*HE*N382~SE*37*000000001~GE*1*941806372~IEA*1*941806372~