ISA*00*          *00*          *ZZ*CHC            *ZZ*00962249       *260602*1046*^*00501*447808932*0*P*:~GS*HP*CHC*00962249*20260602*10463900*447808932*X*005010X221A1~ST*835*000000001~BPR*H*0*C*NON******9999999999*999999999*****20260604~TRN*1*54634592*1411289245*000087726~REF*EV*BFT220003440~REF*F2*1284~DTM*405*20260601~N1*PR*UNITED HEALTHCARE INSURANCE COMPANY~N3*4 RESEARCH DRIVE~N4*SHELTON*CT*064846280~REF*2U*87726~PER*CX*PROVIDER ESOLUTIONS*TE*8778423210~PER*BL*OPERATIONS*TE*8662740906~N1*PE*RENFREW CENTER INC*XX*1912008137~N3*PO BOX 823700~N4*PHILADELPHIA*PA*19182~REF*TJ*200995125~LX*1~TS3*H3405918*01*20261231*1*1500~CLP*135773*1*1500*0**HM*FU57037079*01*1~NM1*QC*1*ALSENE*RILEY~NM1*IL*1*ALSENE*STEVEN****MI*39549986400~NM1*74*1**RILEY~NM1*82*2*RENFREW CENTER OF FLORIDA LLC*****XX*1912008137~DTM*232*20260420~DTM*233*20260420~SVC*HC:H0035*1500*0*0912*0~DTM*472*20260420~CAS*OA*18*1500~REF*6R*149337352919556001~LQ*HE*N702~SE*31*000000001~GE*1*447808932~IEA*1*447808932~