ISA*00*          *00*          *ZZ*CHC            *ZZ*00962249       *260714*0404*^*00501*939405170*0*P*:~GS*HP*CHC*00962249*20260714*04040300*939405170*X*005010X221A1~ST*835*000000001~BPR*I*15694*C*ACH*CCP*01*043000096*DA*1028986734*1061118515*000006111*01*121000248*DA*4122170038*20260716~TRN*1*56401598*1061118515*000006111~REF*EV*BFT220003440~REF*F2*1284~DTM*405*20260713~N1*PR*OXFORD HEALTH INSURANCE INC~N3*4 RESEARCH DRIVE~N4*SHELTON*CT*064846282~REF*2U*06111~PER*CX*CUSTOMER SERVICE*TE*8006661353~PER*BL*UNKNOWN*TE*8662740906~N1*PE*THE RENFREW CENTER OF PENNSYLVANIA LLC*XX*1417971904~N3*PO BOX 823700~N4*PHILADELPHIA*PA*19182~REF*TJ*200994813~LX*1~TS3*A2033852*01*20261231*1*42000~CLP*CX156635X1*1*42000*15694**HM*FV16111332*01*2~NM1*QC*1*GERGEL*ELIZABETH****MI*55891892000~NM1*82*2*RENFREW CENTERS*****XX*1417971904~REF*CE*OPTUM HEALTH BEHAVIORAL SERVICES  OHBS~DTM*232*20260513~DTM*233*20260614~AMT*AU*15694~SVC*NU:1001*3000*15694**0~DTM*472*20260601~CAS*CO*45*-12694~REF*6R*CX156635X67722.002~AMT*B6*15694~SVC*NU:1001*3000*0**0~DTM*472*20260602~CAS*CO*45*3000~REF*6R*CX156635X67723.002~LQ*HE*N525~SVC*NU:1001*3000*0**0~DTM*472*20260603~CAS*CO*45*3000~REF*6R*CX156635X67724.003~LQ*HE*N525~SVC*NU:1001*3000*0**0~DTM*472*20260604~CAS*CO*45*3000~REF*6R*CX156635X67725.003~LQ*HE*N525~SVC*NU:1001*3000*0**0~DTM*472*20260605~CAS*CO*45*3000~REF*6R*CX156635X67726.003~LQ*HE*N525~SVC*NU:1001*3000*0**0~DTM*472*20260606~CAS*CO*45*3000~REF*6R*CX156635X67727.003~LQ*HE*N525~SVC*NU:1001*3000*0**0~DTM*472*20260607~CAS*CO*45*3000~REF*6R*CX156635X67728.003~LQ*HE*N525~SVC*NU:1001*3000*0**0~DTM*472*20260608~CAS*CO*45*3000~REF*6R*CX156635X67729.003~LQ*HE*N525~SVC*NU:1001*3000*0**0~DTM*472*20260609~CAS*CO*45*3000~REF*6R*CX156635X67730.003~LQ*HE*N525~SVC*NU:1001*3000*0**0~DTM*472*20260610~CAS*CO*45*3000~REF*6R*CX156635X67731.005~LQ*HE*N525~SVC*NU:1001*3000*0**0~DTM*472*20260611~CAS*CO*45*3000~REF*6R*CX156635X67732.002~LQ*HE*N525~SVC*NU:1001*3000*0**0~DTM*472*20260612~CAS*CO*45*3000~REF*6R*CX156635X67733.002~LQ*HE*N525~SVC*NU:1001*3000*0**0~DTM*472*20260613~CAS*CO*45*3000~REF*6R*CX156635X67734.002~LQ*HE*N525~SVC*NU:1001*3000*0**0~DTM*472*20260614~CAS*CO*45*3000~REF*6R*CX156635X67735.003~LQ*HE*N525~SE*96*000000001~GE*1*939405170~IEA*1*939405170~