ISA*00*          *00*          *ZZ*CHC            *ZZ*00962249       *260608*1726*^*00501*986006231*0*P*:~GS*HP*CHC*00962249*20260608*17261700*986006231*X*005010X221A1~ST*835*000000001~BPR*I*136459.45*C*ACH*CCP*01*043301627*DA*1069954659C*1341858379**01*121000248*DA*4122170038*20260610~TRN*1*1249196090*1341858379~DTM*405*20260608~N1*PR*INDEPENDENCE BLUE CROSS, LLC~N3*1901 MARKET STREET~N4*PHILADELPHIA*PA*19103~REF*2U*SX055~PER*CX*EDI SUPPORT TEAM*FX*4408355656*TE*4408353511~PER*BL*EDI SUPPORT TEAM~N1*PE*PA THE RENFREW CENTERS*XX*1417971904~N3*PO BOX 823700~N4*PHILADELPHIA*PA*19182~REF*TJ*200994813~LX*1~CLP*CX153363X1*1*123000*56291*1970*HM*20260401507552*11*1~NM1*QC*1*STEPHANOS*DESPINA****MI*NPS954217001~REF*CE*3459340~DTM*232*20260216~DTM*233*20260328~DTM*050*20260605~PER*CX**TE*4408353511~AMT*AU*58261~SVC*NU:1001*123000*56291**41**0~DTM*150*20260216~DTM*151*20260328~CAS*CO*45*64739*1~CAS*PR*2*1770*1*1*200*1~REF*6R*CX153363X67617.004~AMT*B6*58261~CLP*CX154842X1*22*-2250*0**HM*20260506510479*13*7~NM1*QC*1*BEST*KERRIGAN****MI*KYU073W03167~REF*CE*3459340~DTM*232*20260427~DTM*233*20260430~DTM*050*20260605~PER*CX**TE*4408353511~SVC*HC:S9480:95*-750*0*0905*1**0~DTM*472*20260427~CAS*OA*94*-750*1~REF*6R*CX154842X67687.001~LQ*HE*N50~SVC*HC:S9480:95*-750*0*0905*1**0~DTM*472*20260429~CAS*OA*94*-750*1~REF*6R*CX154842X67689.001~LQ*HE*N50~SVC*HC:S9480:95*-750*0*0905*1**0~DTM*472*20260430~CAS*OA*94*-750*1~REF*6R*CX154842X67690.001~LQ*HE*N50~CLP*CX154842X1*1*2250*1176**HM*20260506510479*13*7~NM1*QC*1*BEST*KERRIGAN****MI*KYU073W03167~REF*CE*3459340~DTM*232*20260427~DTM*233*20260430~DTM*050*20260605~PER*CX**TE*4408353511~AMT*AU*1176~SVC*HC:S9480:95*750*392*0905*1**0~DTM*472*20260427~CAS*CO*45*358*1~REF*6R*CX154842X67687.001~AMT*B6*392~SVC*HC:S9480:95*750*392*0905*1**0~DTM*472*20260429~CAS*CO*45*358*1~REF*6R*CX154842X67689.001~AMT*B6*392~SVC*HC:S9480:95*750*392*0905*1**0~DTM*472*20260430~CAS*CO*45*358*1~REF*6R*CX154842X67690.001~AMT*B6*392~CLP*CX155523X1*1*9000*4134*180*HM*20260520508800*13*3~NM1*QC*1*DEVLIN-MOHAN*CEIRE****MI*XBU6101334400~REF*CE*3459340~DTM*232*20260505~DTM*233*20260513~DTM*050*20260605~PER*CX**TE*4408353511~AMT*AU*4314~SVC*HC:H0035*1500*689*0912*1**0~DTM*472*20260505~CAS*CO*45*781*1~CAS*PR*3*30*1~REF*6R*CX155523X67695.001~AMT*B6*719~SVC*HC:H0035*1500*689*0912*1**0~DTM*472*20260507~CAS*CO*45*781*1~CAS*PR*3*30*1~REF*6R*CX155523X67697.001~AMT*B6*719~SVC*HC:H0035*1500*689*0912*1**0~DTM*472*20260508~CAS*CO*45*781*1~CAS*PR*3*30*1~REF*6R*CX155523X67698.002~AMT*B6*719~SVC*HC:H0035*1500*689*0912*1**0~DTM*472*20260511~CAS*CO*45*781*1~CAS*PR*3*30*1~REF*6R*CX155523X67701.002~AMT*B6*719~SVC*HC:H0035*1500*689*0912*1**0~DTM*472*20260512~CAS*CO*45*781*1~CAS*PR*3*30*1~REF*6R*CX155523X67702.002~AMT*B6*719~SVC*HC:H0035*1500*689*0912*1**0~DTM*472*20260513~CAS*CO*45*781*1~CAS*PR*3*30*1~REF*6R*CX155523X67703.002~AMT*B6*719~CLP*CX155535X8*22*-7500*0**HM*20260520510621*13*2~NM1*QC*1*D''ANNUNZIO*MADISON****MI*L6Q806855092~REF*CE*3459340~DTM*232*20260511~DTM*233*20260515~DTM*050*20260605~PER*CX**TE*4408353511~SVC*HC:H0035*-1500*0*0912*1**0~DTM*472*20260511~CAS*PR*96*-1500*1~REF*6R*CX155535X67701.002~LQ*HE*N448~SVC*HC:H0035*-1500*0*0912*1**0~DTM*472*20260512~CAS*PR*96*-1500*1~REF*6R*CX155535X67702.001~LQ*HE*N448~SVC*HC:H0035*-1500*0*0912*1**0~DTM*472*20260513~CAS*PR*96*-1500*1~REF*6R*CX155535X67703.002~LQ*HE*N448~SVC*HC:H0035*-1500*0*0912*1**0~DTM*472*20260514~CAS*PR*96*-1500*1~REF*6R*CX155535X67704.002~LQ*HE*N448~SVC*HC:H0035*-1500*0*0912*1**0~DTM*472*20260515~CAS*PR*96*-1500*1~REF*6R*CX155535X67705.002~LQ*HE*N448~CLP*CX155535X8*1*7500*980.56*2614.44*HM*20260520510621*13*2~NM1*QC*1*D''ANNUNZIO*MADISON****MI*L6Q806855092~REF*CE*3459340~DTM*232*20260511~DTM*233*20260515~DTM*050*20260605~PER*CX**TE*4408353511~AMT*AU*3595~SVC*HC:H0035*1500*0*0912*1**0~DTM*472*20260511~CAS*CO*45*781*1~CAS*PR*3*719*1~REF*6R*CX155535X67701.002~AMT*B6*719~SVC*HC:H0035*1500*0*0912*1**0~DTM*472*20260512~CAS*CO*45*781*1~CAS*PR*3*719*1~REF*6R*CX155535X67702.001~AMT*B6*719~SVC*HC:H0035*1500*0*0912*1**0~DTM*472*20260513~CAS*CO*45*781*1~CAS*PR*3*719*1~REF*6R*CX155535X67703.002~AMT*B6*719~SVC*HC:H0035*1500*261.56*0912*1**0~DTM*472*20260514~CAS*CO*45*781*1~CAS*PR*3*457.44*1~REF*6R*CX155535X67704.002~AMT*B6*719~SVC*HC:H0035*1500*719*0912*1**0~DTM*472*20260515~CAS*CO*45*781*1~REF*6R*CX155535X67705.002~AMT*B6*719~CLP*CX155530X3*1*15000*6890*300*HM*20260520516981*13*3~NM1*QC*1*MIKULA*SAMANTHA****MI*XCA6001385100~REF*CE*3459340~DTM*232*20260504~DTM*233*20260515~DTM*050*20260605~PER*CX**TE*4408353511~AMT*AU*7190~SVC*HC:H0035*1500*689*0912*1**0~DTM*472*20260504~CAS*CO*45*781*1~CAS*PR*3*30*1~REF*6R*CX155530X67694.001~AMT*B6*719~SVC*HC:H0035*1500*689*0912*1**0~DTM*472*20260505~CAS*CO*45*781*1~CAS*PR*3*30*1~REF*6R*CX155530X67695.002~AMT*B6*719~SVC*HC:H0035*1500*689*0912*1**0~DTM*472*20260506~CAS*CO*45*781*1~CAS*PR*3*30*1~REF*6R*CX155530X67696.001~AMT*B6*719~SVC*HC:H0035*1500*689*0912*1**0~DTM*472*20260507~CAS*CO*45*781*1~CAS*PR*3*30*1~REF*6R*CX155530X67697.002~AMT*B6*719~SVC*HC:H0035*1500*689*0912*1**0~DTM*472*20260508~CAS*CO*45*781*1~CAS*PR*3*30*1~REF*6R*CX155530X67698.002~AMT*B6*719~SVC*HC:H0035*1500*689*0912*1**0~DTM*472*20260511~CAS*CO*45*781*1~CAS*PR*3*30*1~REF*6R*CX155530X67701.003~AMT*B6*719~SVC*HC:H0035*1500*689*0912*1**0~DTM*472*20260512~CAS*CO*45*781*1~CAS*PR*3*30*1~REF*6R*CX155530X67702.001~AMT*B6*719~SVC*HC:H0035*1500*689*0912*1**0~DTM*472*20260513~CAS*CO*45*781*1~CAS*PR*3*30*1~REF*6R*CX155530X67703.002~AMT*B6*719~SVC*HC:H0035*1500*689*0912*1**0~DTM*472*20260514~CAS*CO*45*781*1~CAS*PR*3*30*1~REF*6R*CX155530X67704.001~AMT*B6*719~SVC*HC:H0035*1500*689*0912*1**0~DTM*472*20260515~CAS*CO*45*781*1~CAS*PR*3*30*1~REF*6R*CX155530X67705.002~AMT*B6*719~CLP*CX155534X7*1*13500*5920.22*550.78*HM*20260520517478*13*3~NM1*QC*1*FOOSE*BRITTANY****MI*QBU8173152500~REF*CE*3459340~DTM*232*20260504~DTM*233*20260515~DTM*050*20260605~PER*CX**TE*4408353511~AMT*AU*6471~SVC*HC:H0035*1500*359.5*0912*1**0~DTM*472*20260504~CAS*CO*45*781*1~CAS*PR*2*359.5*1~REF*6R*CX155534X67694.001~AMT*B6*719~SVC*HC:H0035*1500*527.72*0912*1**0~DTM*472*20260505~CAS*CO*45*781*1~CAS*PR*2*191.28*1~REF*6R*CX155534X67695.001~AMT*B6*719~SVC*HC:H0035*1500*719*0912*1**0~DTM*472*20260506~CAS*CO*45*781*1~REF*6R*CX155534X67696.001~AMT*B6*719~SVC*HC:H0035*1500*719*0912*1**0~DTM*472*20260507~CAS*CO*45*781*1~REF*6R*CX155534X67697.001~AMT*B6*719~SVC*HC:H0035*1500*719*0912*1**0~DTM*472*20260508~CAS*CO*45*781*1~REF*6R*CX155534X67698.002~AMT*B6*719~SVC*HC:H0035*1500*719*0912*1**0~DTM*472*20260511~CAS*CO*45*781*1~REF*6R*CX155534X67701.002~AMT*B6*719~SVC*HC:H0035*1500*719*0912*1**0~DTM*472*20260512~CAS*CO*45*781*1~REF*6R*CX155534X67702.002~AMT*B6*719~SVC*HC:H0035*1500*719*0912*1**0~DTM*472*20260513~CAS*CO*45*781*1~REF*6R*CX155534X67703.002~AMT*B6*719~SVC*HC:H0035*1500*719*0912*1**0~DTM*472*20260515~CAS*CO*45*781*1~REF*6R*CX155534X67705.001~AMT*B6*719~CLP*CX155536X1*4*4500*0**HM*20260520517757*13*4~NM1*QC*1*SARSFIELD*SARAH****MI*QEB8021683400~REF*CE*3459340~DTM*232*20260506~DTM*233*20260514~DTM*050*20260605~PER*CX**TE*4408353511~SVC*HC:S9480*750*0*0905*1**0~DTM*472*20260506~CAS*CO*16*750*1~REF*6R*CX155536X67696.001~LQ*HE*N50~SVC*HC:S9480*750*0*0905*1**0~DTM*472*20260507~CAS*CO*16*750*1~REF*6R*CX155536X67697.001~LQ*HE*N50~SVC*HC:S9480*750*0*0905*1**0~DTM*472*20260508~CAS*CO*16*750*1~REF*6R*CX155536X67698.001~LQ*HE*N50~SVC*HC:S9480*750*0*0905*1**0~DTM*472*20260511~CAS*CO*16*750*1~REF*6R*CX155536X67701.001~LQ*HE*N50~SVC*HC:S9480*750*0*0905*1**0~DTM*472*20260513~CAS*CO*16*750*1~REF*6R*CX155536X67703.001~LQ*HE*N50~SVC*HC:S9480*750*0*0905*1**0~DTM*472*20260514~CAS*CO*16*750*1~REF*6R*CX155536X67704.002~LQ*HE*N50~CLP*CX155526X3*4*7500*0**HM*20260520517764*13*4~NM1*QC*1*LOWENBERG*SOFIA****MI*XZJ6111986300~REF*CE*3459340~DTM*232*20260504~DTM*233*20260508~DTM*050*20260605~PER*CX**TE*4408353511~SVC*HC:H0035*1500*0*0912*1**0~DTM*472*20260504~CAS*CO*16*1500*1~REF*6R*CX155526X67694.003~LQ*HE*N50~SVC*HC:H0035*1500*0*0912*1**0~DTM*472*20260505~CAS*CO*16*1500*1~REF*6R*CX155526X67695.003~LQ*HE*N50~SVC*HC:H0035*1500*0*0912*1**0~DTM*472*20260506~CAS*CO*16*1500*1~REF*6R*CX155526X67696.005~LQ*HE*N50~SVC*HC:H0035*1500*0*0912*1**0~DTM*472*20260507~CAS*CO*16*1500*1~REF*6R*CX155526X67697.002~LQ*HE*N50~SVC*HC:H0035*1500*0*0912*1**0~DTM*472*20260508~CAS*CO*16*1500*1~REF*6R*CX155526X67698.004~LQ*HE*N50~CLP*CX155527X1*1*3750*1960**HM*20260520517830*13*3~NM1*QC*1*HOTTEL*SOPHIA****MI*XZJ6108754700~REF*CE*3459340~DTM*232*20260504~DTM*233*20260514~DTM*050*20260605~PER*CX**TE*4408353511~AMT*AU*1960~SVC*HC:S9480*750*392*0905*1**0~DTM*472*20260504~CAS*CO*45*358*1~REF*6R*CX155527X67694.002~AMT*B6*392~SVC*HC:S9480*750*392*0905*1**0~DTM*472*20260506~CAS*CO*45*358*1~REF*6R*CX155527X67696.004~AMT*B6*392~SVC*HC:S9480*750*392*0905*1**0~DTM*472*20260511~CAS*CO*45*358*1~REF*6R*CX155527X67701.002~AMT*B6*392~SVC*HC:S9480*750*392*0905*1**0~DTM*472*20260513~CAS*CO*45*358*1~REF*6R*CX155527X67703.001~AMT*B6*392~SVC*HC:S9480*750*392*0905*1**0~DTM*472*20260514~CAS*CO*45*358*1~REF*6R*CX155527X67704.001~AMT*B6*392~CLP*CX155524X1*4*1500*0**HM*20260520517897*13*4~NM1*QC*1*HANISCO*LEANN****MI*XZJ6012835400~REF*CE*3459340~DTM*232*20260512~DTM*050*20260605~PER*CX**TE*4408353511~SVC*HC:H0035*1500*0*0912*1**0~DTM*472*20260512~CAS*CO*16*1500*1~REF*6R*CX155524X67702.004~LQ*HE*N50~CLP*CX155533X6*1*10500*4578*455*HM*20260520518164*13*3~NM1*QC*1*GOODHART*HENRY****MI*QBJ8022121200~REF*CE*3459340~DTM*232*20260505~DTM*233*20260515~DTM*050*20260605~PER*CX**TE*4408353511~AMT*AU*5033~SVC*HC:H0035*1500*654*0912*1**0~DTM*472*20260505~CAS*CO*45*781*1~CAS*PR*3*65*1~REF*6R*CX155533X67695.001~AMT*B6*719~SVC*HC:H0035*1500*654*0912*1**0~DTM*472*20260506~CAS*CO*45*781*1~CAS*PR*3*65*1~REF*6R*CX155533X67696.001~AMT*B6*719~SVC*HC:H0035*1500*654*0912*1**0~DTM*472*20260511~CAS*CO*45*781*1~CAS*PR*3*65*1~REF*6R*CX155533X67701.003~AMT*B6*719~SVC*HC:H0035*1500*654*0912*1**0~DTM*472*20260512~CAS*CO*45*781*1~CAS*PR*3*65*1~REF*6R*CX155533X67702.002~AMT*B6*719~SVC*HC:H0035*1500*654*0912*1**0~DTM*472*20260513~CAS*CO*45*781*1~CAS*PR*3*65*1~REF*6R*CX155533X67703.001~AMT*B6*719~SVC*HC:H0035*1500*654*0912*1**0~DTM*472*20260514~CAS*CO*45*781*1~CAS*PR*3*65*1~REF*6R*CX155533X67704.001~AMT*B6*719~SVC*HC:H0035*1500*654*0912*1**0~DTM*472*20260515~CAS*CO*45*781*1~CAS*PR*3*65*1~REF*6R*CX155533X67705.002~AMT*B6*719~CLP*CX155765X8*1*7500*0*3595*HM*20260527522827*13*3~NM1*QC*1*D''ANNUNZIO*MADISON****MI*L6Q806855092~REF*CE*3459340~DTM*232*20260518~DTM*233*20260522~DTM*050*20260605~PER*CX**TE*4408353511~AMT*AU*3595~SVC*HC:H0035*1500*0*0912*1**0~DTM*472*20260518~CAS*CO*45*781*1~CAS*PR*3*719*1~REF*6R*CX155765X67708.002~AMT*B6*719~SVC*HC:H0035*1500*0*0912*1**0~DTM*472*20260519~CAS*CO*45*781*1~CAS*PR*3*719*1~REF*6R*CX155765X67709.001~AMT*B6*719~SVC*HC:H0035*1500*0*0912*1**0~DTM*472*20260520~CAS*CO*45*781*1~CAS*PR*3*719*1~REF*6R*CX155765X67710.002~AMT*B6*719~SVC*HC:H0035*1500*0*0912*1**0~DTM*472*20260521~CAS*CO*45*781*1~CAS*PR*3*719*1~REF*6R*CX155765X67711.001~AMT*B6*719~SVC*HC:H0035*1500*0*0912*1**0~DTM*472*20260522~CAS*CO*45*781*1~CAS*PR*3*719*1~REF*6R*CX155765X67712.001~AMT*B6*719~CLP*CX155732X1*1*105000*47031.23*2703.77*HM*20260527522832*11*1~NM1*QC*1*MAENNER*BRYN****MI*SGH3HZN52994640~REF*CE*3459340~DTM*232*20260414~DTM*233*20260518~DTM*050*20260605~PER*CX**TE*4408353511~AMT*AU*49735~SVC*NU:1001*105000*47031.23**35**0~DTM*150*20260414~DTM*151*20260518~CAS*CO*45*55265*1~CAS*PR*2*2140*1*1*563.77*1~REF*6R*CX155732X67674.004~AMT*B6*49735~CLP*CX155758X1*1*7500*3595**HM*20260527522833*13*3~NM1*QC*1*POWELL*CARA****MI*HSG3HZN51094850~REF*CE*3459340~DTM*232*20260518~DTM*233*20260522~DTM*050*20260605~PER*CX**TE*4408353511~AMT*AU*3595~SVC*HC:H0035*1500*719*0912*1**0~DTM*472*20260518~CAS*CO*45*781*1~REF*6R*CX155758X67708.002~AMT*B6*719~SVC*HC:H0035*1500*719*0912*1**0~DTM*472*20260519~CAS*CO*45*781*1~REF*6R*CX155758X67709.001~AMT*B6*719~SVC*HC:H0035*1500*719*0912*1**0~DTM*472*20260520~CAS*CO*45*781*1~REF*6R*CX155758X67710.002~AMT*B6*719~SVC*HC:H0035*1500*719*0912*1**0~DTM*472*20260521~CAS*CO*45*781*1~REF*6R*CX155758X67711.001~AMT*B6*719~SVC*HC:H0035*1500*719*0912*1**0~DTM*472*20260522~CAS*CO*45*781*1~REF*6R*CX155758X67712.001~AMT*B6*719~CLP*CX155755X1*1*7500*3595**HM*20260527522834*13*3~NM1*QC*1*DESCHLER*EMILY****MI*PVG872A73302~REF*CE*3459340~DTM*232*20260518~DTM*233*20260522~DTM*050*20260605~PER*CX**TE*4408353511~AMT*AU*3595~SVC*HC:H0035*1500*719*0912*1**0~DTM*472*20260518~CAS*CO*45*781*1~REF*6R*CX155755X67708.004~AMT*B6*719~SVC*HC:H0035*1500*719*0912*1**0~DTM*472*20260519~CAS*CO*45*781*1~REF*6R*CX155755X67709.004~AMT*B6*719~SVC*HC:H0035*1500*719*0912*1**0~DTM*472*20260520~CAS*CO*45*781*1~REF*6R*CX155755X67710.004~AMT*B6*719~SVC*HC:H0035*1500*719*0912*1**0~DTM*472*20260521~CAS*CO*45*781*1~REF*6R*CX155755X67711.004~AMT*B6*719~SVC*HC:H0035*1500*719*0912*1**0~DTM*472*20260522~CAS*CO*45*781*1~REF*6R*CX155755X67712.004~AMT*B6*719~CLP*CX155961X2*4*66000*0**HM*20260602578641*11*1~NM1*QC*1*RIGNEY*MARLEA****MI*SOD135333475001~REF*CE*3459340~DTM*232*20260505~DTM*233*20260526~DTM*050*20260605~PER*CX**TE*4408353511~SVC*NU:1001*66000*0**22**0~DTM*150*20260505~DTM*151*20260526~CAS*CO*96*66000*1~REF*6R*CX155961X67695.004~LQ*HE*N747~CLP*CX155994X8*4*1500*0**HM*20260603552914*13*2~NM1*QC*1*RIGNEY*MARLEA****MI*SOD135333475001~REF*CE*3459340~DTM*232*20260528~DTM*050*20260605~PER*CX**TE*4408353511~SVC*HC:H0035*1500*0*0912*1**0~DTM*472*20260528~CAS*CO*96*1500*1~REF*6R*CX155994X67718.002~LQ*HE*N747~PLB*1417971904*20261231*L6:PLBL6-308.4432264613*-308.44~SE*619*000000001~GE*1*986006231~IEA*1*986006231~