ISA*00*          *00*          *ZZ*CHC            *ZZ*00962249       *260607*0634*^*00501*842005126*0*P*:~GS*HP*CHC*00962249*20260607*06345200*842005126*X*005010X221A1~ST*835*000000001~BPR*I*3821*C*ACH*CCP*01*031100225*DA*2079950064280/*1220999690*999999999*01*121000248*DA*4122170038*20260605~TRN*1*0031470020*1220999690*8352026060602538368~REF*EV*1164514691~DTM*405*20260605~N1*PR*HORIZON BCBSNJ~N3*P O  BOX 420~N4*NEWARK*NJ*071010420~REF*2U*22099~PER*BL*HORIZON BCBSNJ*EM*HORIZONEDI@HORIZONBLUE.COM*TE*8883349242~N1*PE*THE RENFREW CENTER OF NEW JERS*XX*1164514691~N3*PO BOX 713700~N4*PHILADELPHIA*PA*191713700~REF*PQ*001368~REF*TJ*223704728~LX*1~CLP*CX156050X2*1*1500*636**12*780202615413645   00*13*3~NM1*QC*1*BUSSEY*OLIVIA****MI*C2W3HZN76542830~NM1*IL*1*BEHRENS*DANIELLE****MI*C2W3HZN76542830~NM1*74*1******C*C2W3HZN765428300~NM1*82*2*ASHLEY  HOADLEY*****XX*1821357682~DTM*232*20260527~DTM*233*20260528~DTM*050*20260602~AMT*AU*636~AMT*T2*636~SVC*HC:S9480*750*318*0905*1~DTM*472*20260527~CAS*CO*45*432~REF*6R*CX156050X67717.003~REF*APC*00000~AMT*B6*318~SVC*HC:S9480*750*318*0905*1~DTM*472*20260528~CAS*CO*45*432~REF*6R*CX156050X67718.001~REF*APC*00000~AMT*B6*318~CLP*CX156047X4*1*7500*3185**13*780202615414001   00*13*3~NM1*QC*1*BAUMANN*THERESA****MI*YHQ3HZN61712490~NM1*IL*1*BAUMANN*MATHIEU****MI*YHQ3HZN61712490~NM1*74*1******C*YHQ3HZN617124900~NM1*82*2*ASHLEY  HOADLEY*****XX*1821357682~DTM*232*20260522~DTM*233*20260529~DTM*050*20260602~PER*CX*HORIZON BLUE CROSS BLUE SHIELD OF NEW JERSEY DIRECT ACCESS*TE*8886662535~AMT*AU*3185~AMT*T2*3185~SVC*HC:H0035*1500*637*0912*1~DTM*472*20260522~CAS*CO*45*863~REF*6R*CX156047X67712.004~REF*APC*00000~AMT*B6*637~SVC*HC:H0035*1500*637*0912*1~DTM*472*20260526~CAS*CO*45*863~REF*6R*CX156047X67716.002~REF*APC*00000~AMT*B6*637~SVC*HC:H0035*1500*637*0912*1~DTM*472*20260527~CAS*CO*45*863~REF*6R*CX156047X67717.003~REF*APC*00000~AMT*B6*637~SVC*HC:H0035*1500*637*0912*1~DTM*472*20260528~CAS*CO*45*863~REF*6R*CX156047X67718.003~REF*APC*00000~AMT*B6*637~SVC*HC:H0035*1500*637*0912*1~DTM*472*20260529~CAS*CO*45*863~REF*6R*CX156047X67719.004~REF*APC*00000~AMT*B6*637~SE*80*000000001~ST*835*000000002~BPR*I*636*C*ACH*CCP*01*031100225*DA*4058564014/*1220999690*999999999*01*121000248*DA*4122170038*20260605~TRN*1*0077255124*1220999690*8352026060602538367~REF*EV*1164514691~DTM*405*20260605~N1*PR*HORIZON BCBSNJ~N3*P O  BOX 420~N4*NEWARK*NJ*071010420~REF*2U*22099~PER*BL*HORIZON BCBSNJ*EM*HORIZONEDI@HORIZONBLUE.COM*TE*8883349242~N1*PE*THE RENFREW CENTER OF NEW JERS*XX*1164514691~N3*PO BOX 713700~N4*PHILADELPHIA*PA*191713700~REF*PQ*001368~REF*TJ*223704728~LX*1~CLP*CX156057X1*1*1500*636**13*780202615413993   00*13*2~NM1*QC*1*SIMON*KATELYN****MI*NJX3HZN64715860~NM1*IL*1*SHELLY-SIMON*KATHLEEN****MI*NJX3HZN64715860~NM1*74*1*SHELLEY SIMON*****C*NJX3HZN647158600~NM1*82*2*ASHLEY  HOADLEY*****XX*1821357682~DTM*232*20260527~DTM*233*20260528~DTM*050*20260602~PER*CX*NATIONAL ACCOUNTS PPO*TE*8006244758~AMT*AU*636~AMT*T2*636~SVC*HC:S9480*750*318*0905*1~DTM*472*20260527~CAS*CO*45*432~REF*6R*CX156057X67717.002~REF*APC*00000~AMT*B6*318~SVC*HC:S9480*750*318*0905*1~DTM*472*20260528~CAS*CO*45*432~REF*6R*CX156057X67718.002~REF*APC*00000~AMT*B6*318~SE*40*000000002~GE*2*842005126~IEA*1*842005126~