ISA*00*          *00*          *ZZ*CHC            *ZZ*00962249       *260713*0708*^*00501*961402567*0*P*:~GS*HP*CHC*00962249*20260713*07084100*961402567*X*005010X221A1~ST*835*000000001~BPR*I*5854.4*C*ACH*CCP*01*031100225*DA*2079950064280/*1220999690*999999999*01*121000248*DA*4122170038*20260711~TRN*1*0031738934*1220999690*8352026071207501291~REF*EV*1164514691~DTM*405*20260711~N1*PR*HORIZON BCBSNJ~N3*P O  BOX 420~N4*NEWARK*NJ*071010420~REF*2U*22099~PER*BL*HORIZON BCBSNJ*EM*HORIZONEDI@HORIZONBLUE.COM*TE*8883349242~N1*PE*THE RENFREW CENTER OF NEW JERS*XX*1164514691~N3*PO BOX 713700~N4*PHILADELPHIA*PA*191713700~REF*PQ*001368~REF*TJ*223704728~LX*1~CLP*CX157889X1*1*9000*3816**13*780202619010113   00*13*2~NM1*QC*1*BAUMANN*THERESA****MI*YHQ3HZN61712490~NM1*IL*1*BAUMANN*MATHIEU****MI*YHQ3HZN61712490~NM1*74*1******C*YHQ3HZN617124900~NM1*82*2*ASHLEY  HOADLEY*****XX*1821357682~DTM*232*20260615~DTM*233*20260702~DTM*050*20260708~PER*CX*HORIZON BLUE CROSS BLUE SHIELD OF NEW JERSEY DIRECT ACCESS*TE*8886662535~AMT*AU*3816~AMT*T2*3816~SVC*HC:S9480*750*318*0905*1~DTM*472*20260615~CAS*CO*45*432~REF*6R*CX157889X67736.005~REF*APC*00000~AMT*B6*318~SVC*HC:S9480*750*318*0905*1~DTM*472*20260616~CAS*CO*45*432~REF*6R*CX157889X67737.001~REF*APC*00000~AMT*B6*318~SVC*HC:S9480*750*318*0905*1~DTM*472*20260617~CAS*CO*45*432~REF*6R*CX157889X67738.004~REF*APC*00000~AMT*B6*318~SVC*HC:S9480*750*318*0905*1~DTM*472*20260618~CAS*CO*45*432~REF*6R*CX157889X67739.003~REF*APC*00000~AMT*B6*318~SVC*HC:S9480*750*318*0905*1~DTM*472*20260619~CAS*CO*45*432~REF*6R*CX157889X67740.003~REF*APC*00000~AMT*B6*318~SVC*HC:S9480*750*318*0905*1~DTM*472*20260622~CAS*CO*45*432~REF*6R*CX157889X67743.004~REF*APC*00000~AMT*B6*318~SVC*HC:S9480*750*318*0905*1~DTM*472*20260623~CAS*CO*45*432~REF*6R*CX157889X67744.002~REF*APC*00000~AMT*B6*318~SVC*HC:S9480*750*318*0905*1~DTM*472*20260624~CAS*CO*45*432~REF*6R*CX157889X67745.001~REF*APC*00000~AMT*B6*318~SVC*HC:S9480*750*318*0905*1~DTM*472*20260625~CAS*CO*45*432~REF*6R*CX157889X67746.002~REF*APC*00000~AMT*B6*318~SVC*HC:S9480*750*318*0905*1~DTM*472*20260629~CAS*CO*45*432~REF*6R*CX157889X67750.004~REF*APC*00000~AMT*B6*318~SVC*HC:S9480*750*318*0905*1~DTM*472*20260701~CAS*CO*45*432~REF*6R*CX157889X67752.001~REF*APC*00000~AMT*B6*318~SVC*HC:S9480*750*318*0905*1~DTM*472*20260702~CAS*CO*45*432~REF*6R*CX157889X67753.001~REF*APC*00000~AMT*B6*318~CLP*CX157501X5*1*6000*2038.4*509.6*12*780202618912990   00*13*3~NM1*QC*1*ROSENTHAL*JENNA****MI*PFF305W04885~NM1*IL*1*ROSENTHAL*NADINE****MI*PFF305W04885~NM1*82*2*ASHLEY  HOADLEY*****XX*1821357682~DTM*232*20260629~DTM*233*20260702~DTM*050*20260707~PER*CX*HORIZON BLUE CROSS BLUE SHIELD OF NEW JERSEY DIRECT ACCESS*TE*8886662535~AMT*AU*2548~AMT*T2*2038.4~SVC*HC:H0035*1500*509.6*0912*1~DTM*472*20260629~CAS*PR*2*127.4~CAS*CO*45*863~REF*6R*CX157501X67750.005~REF*APC*00000~AMT*B6*637~SVC*HC:H0035*1500*509.6*0912*1~DTM*472*20260630~CAS*PR*2*127.4~CAS*CO*45*863~REF*6R*CX157501X67751.005~REF*APC*00000~AMT*B6*637~SVC*HC:H0035*1500*509.6*0912*1~DTM*472*20260701~CAS*PR*2*127.4~CAS*CO*45*863~REF*6R*CX157501X67752.001~REF*APC*00000~AMT*B6*637~SVC*HC:H0035*1500*509.6*0912*1~DTM*472*20260702~CAS*PR*2*127.4~CAS*CO*45*863~REF*6R*CX157501X67753.001~REF*APC*00000~AMT*B6*637~SE*138*000000001~ST*835*000000002~BPR*I*636*C*ACH*CCP*01*031100225*DA*4058564014/*1220999690*999999999*01*121000248*DA*4122170038*20260711~TRN*1*0077390149*1220999690*8352026071207501290~REF*EV*1164514691~DTM*405*20260711~N1*PR*HORIZON BCBSNJ~N3*P O  BOX 420~N4*NEWARK*NJ*071010420~REF*2U*22099~PER*BL*HORIZON BCBSNJ*EM*HORIZONEDI@HORIZONBLUE.COM*TE*8883349242~N1*PE*THE RENFREW CENTER OF NEW JERS*XX*1164514691~N3*PO BOX 713700~N4*PHILADELPHIA*PA*191713700~REF*PQ*001368~REF*TJ*223704728~LX*1~CLP*CX157890X1*1*1500*636**13*780202619009868   00*13*2~NM1*QC*1*PACHECO*AMAYA****MI*NJX3HZN45968780~NM1*IL*1*PACHECO*FELIX****MI*NJX3HZN45968780~NM1*74*1******C*NJX3HZN459687800~NM1*82*2*ASHLEY  HOADLEY*****XX*1821357682~DTM*232*20260629~DTM*233*20260701~DTM*050*20260708~PER*CX*NATIONAL ACCOUNTS PPO*TE*8006244758~AMT*AU*636~AMT*T2*636~SVC*HC:S9480*750*318*0905*1~DTM*472*20260629~CAS*CO*45*432~REF*6R*CX157890X67750.001~REF*APC*00000~AMT*B6*318~SVC*HC:S9480*750*318*0905*1~DTM*472*20260701~CAS*CO*45*432~REF*6R*CX157890X67752.002~REF*APC*00000~AMT*B6*318~SE*40*000000002~GE*2*961402567~IEA*1*961402567~