ISA*00*          *00*          *ZZ*CHC            *ZZ*00962249       *260628*0320*^*00501*661807041*0*P*:~GS*HP*CHC*00962249*20260628*03201100*661807041*X*005010X221A1~ST*835*000000001~BPR*I*888*C*ACH*CCP*01*124384877*DA*1470858534*1411289245*000087726*01*121000248*DA*4122170038*20260701~TRN*1*26178B1000025634*1411289245*000087726~REF*EV*B00099999800~DTM*405*20260627~N1*PR*UNITED HEALTHCARE INSURANCE COMPANY~N3*PO BOX 30755~N4*SALT LAKE CITY*UT*841300755~REF*2U*87726~PER*CX*UNITED BEHAVIORAL HEALTH*TE*8003338724~PER*BL*UNKNOWN*UR*WWW.UNITEDHEALTHCAREONLINE.COM/B2C/CONTACTUS.DO~N1*PE*THE RENFREW CENTER OF PENNSYLVANIA LLC*XX*1417971904~N3*PO BOX 823700~N4*PHILADELPHIA*PA*19182~REF*TJ*200994813~LX*1~CLP*CX156938X1*1*2250*888**15*26XF57974500*13*3~NM1*QC*1*STEWART*MAISIE****MI*16062769903~NM1*IL*1*DEIBERT*ALLISON****MI*W232569356~NM1*74*1******C*160627699~REF*1L*10530~REF*CE*RENFREW CENTERS~REF*EA*IDX115579X26~DTM*232*20260615~DTM*233*20260619~DTM*050*20260624~AMT*AU*888~SVC*HC:S9480*750*296*0905*1~DTM*472*20260615~CAS*CO*45*454~REF*6R*CX156938X67736.003~AMT*B6*296~SVC*HC:S9480*750*296*0905*1~DTM*472*20260617~CAS*CO*45*454~REF*6R*CX156938X67738.002~AMT*B6*296~SVC*HC:S9480*750*296*0905*1~DTM*472*20260619~CAS*CO*45*454~REF*6R*CX156938X67740.001~AMT*B6*296~SE*43*000000001~GE*1*661807041~IEA*1*661807041~