ISA*00*          *00*          *ZZ*CHC            *ZZ*00962249       *260601*0226*^*00501*309203774*0*P*:~GS*HP*CHC*00962249*20260601*02263000*309203774*X*005010X221A1~ST*835*000000001~BPR*I*11444*C*ACH*CCP*01*042100272*DA*7480795058*1591031071**01*121000248*DA*4122170038*20260601~TRN*1*603601228892*1591031071~REF*EV*133052274~REF*F2*GWFC~DTM*405*20260528~N1*PR*GREATWESTHEALTHCARE-CIGNA~N3*8505 E. ORCHARD RD~N4*GREENWOOD VILLAGE*CO*80111~REF*2U*62308~PER*CX*GWHC EDIPROD*EM*EDIESCALATEDREQUESTS@CIGNA.COM*TE*8008103388~PER*BL*EDI HELP DESK*TE*8008103388~N1*PE*RENFREW CENTER OF PENNSYLVANIA*XX*1417971904~N3*PO BOX 828577~N4*PHILADELPHIA*PA*191820001~REF*PQ*200006054179~REF*TJ*200994813~LX*1~TS3*1417971904*22*20261231*3*25500~CLP*CX155795X1*1*2250*1053**13*261936298200*13*3~NM1*QC*1*REESE*THEODORA*P***MI*11103999602~NM1*IL*1*REESE*TAREN*C***MI*11103999600~REF*1L*00655372~REF*CE*OPEN ACCESS PLUS~REF*EA*IDX135035X4~REF*G1*NO AUTH REQUIRED~DTM*050*20260527~DTM*232*20260518~DTM*233*20260522~AMT*AU*1053~SVC*HC:S9480*750*351*0905*1~DTM*150*20260518~DTM*151*20260518~CAS*CO*45*399~REF*APC*0~REF*6R*CX155795X67708.003~AMT*B6*351~SVC*HC:S9480*750*351*0905*1~DTM*150*20260520~DTM*151*20260520~CAS*CO*45*399~REF*APC*0~REF*6R*CX155795X67710.002~AMT*B6*351~SVC*HC:S9480*750*351*0905*1~DTM*150*20260522~DTM*151*20260522~CAS*CO*45*399~REF*APC*0~REF*6R*CX155795X67712.003~AMT*B6*351~CLP*CX155781X2*1*2250*1053**13*261935997400*13*2~NM1*QC*1*THOMAS*CHRISTA****MI*11211822401~NM1*IL*1*THOMAS*MICHAEL*J***MI*11211822400~REF*1L*00660177~REF*CE*OPEN ACCESS PLUS~REF*EA*IDX136072X3~REF*G1*NO AUTH REQUIRED~DTM*050*20260527~DTM*232*20260519~DTM*233*20260522~AMT*AU*1053~SVC*HC:S9480*750*351*0905*1~DTM*150*20260519~DTM*151*20260519~CAS*CO*45*399~REF*APC*0~REF*6R*CX155781X67709.001~AMT*B6*351~SVC*HC:S9480*750*351*0905*1~DTM*150*20260520~DTM*151*20260520~CAS*CO*45*399~REF*APC*0~REF*6R*CX155781X67710.001~AMT*B6*351~SVC*HC:S9480*750*351*0905*1~DTM*150*20260522~DTM*151*20260522~CAS*CO*45*399~REF*APC*0~REF*6R*CX155781X67712.001~AMT*B6*351~CLP*CX155739X1*1*21000*9338**13*261936160000*11*3~NM1*QC*1*LOUHIER*MEGAN****MI*11251225200~REF*1L*00656485~REF*CE*OPEN ACCESS PLUS~REF*EA*IDX106977X12~REF*G1*IP2704526234~DTM*050*20260527~DTM*232*20260518~DTM*233*20260524~AMT*AU*9338~QTY*CA*7~SVC*NU:1001*3000*1334**1~DTM*150*20260518~DTM*151*20260518~CAS*CO*45*1666~REF*APC*0~REF*6R*CX155739X67708.004~AMT*B6*1334~SVC*NU:1001*3000*1334**1~DTM*150*20260519~DTM*151*20260519~CAS*CO*45*1666~REF*APC*0~REF*6R*CX155739X67709.003~AMT*B6*1334~SVC*NU:1001*3000*1334**1~DTM*150*20260520~DTM*151*20260520~CAS*CO*45*1666~REF*APC*0~REF*6R*CX155739X67710.005~AMT*B6*1334~SVC*NU:1001*3000*1334**1~DTM*150*20260521~DTM*151*20260521~CAS*CO*45*1666~REF*APC*0~REF*6R*CX155739X67711.004~AMT*B6*1334~SVC*NU:1001*3000*1334**1~DTM*150*20260522~DTM*151*20260522~CAS*CO*45*1666~REF*APC*0~REF*6R*CX155739X67712.006~AMT*B6*1334~SVC*NU:1001*3000*1334**1~DTM*150*20260523~DTM*151*20260523~CAS*CO*45*1666~REF*APC*0~REF*6R*CX155739X67713.002~AMT*B6*1334~SVC*NU:1001*3000*1334**1~DTM*150*20260524~DTM*151*20260524~CAS*CO*45*1666~REF*APC*0~REF*6R*CX155739X67714.004~AMT*B6*1334~SE*144*000000001~GE*1*309203774~IEA*1*309203774~