ISA*00*          *00*          *ZZ*CHC            *ZZ*00962249       *260613*0812*^*00501*391007215*0*P*:~GS*HP*CHC*00962249*20260613*08121500*391007215*X*005010X221A1~ST*835*000000001~BPR*I*987*C*CHK************20260612~TRN*1*768050507*1591031071~REF*EV*133052274~REF*F2*GWFC~DTM*405*20260612~N1*PR*GREATWESTHEALTHCARE-CIGNA~N3*8505 E. ORCHARD RD~N4*GREENWOOD VILLAGE*CO*80111~REF*2U*62308~PER*CX*GWHC EDIPROD*EM*EDIESCALATEDREQUESTS@CIGNA.COM*TE*8008103388~PER*BL*EDI HELP DESK*TE*8008103388~N1*PE*RENFREW CENTER OF TENNESSEE*XX*1083812762~N3*PO BOX 713700~N4*PHILADELPHIA*PA*191713700~REF*PQ*200005916476~REF*TJ*205497459~LX*1~TS3*1083812762*13*20261231*1*2250~CLP*CX156593X1*1*2250*987**14*262153963800*13*4~NM1*QC*1*WILLIAMSON*TRUE****MI*10329420203~NM1*IL*1*WILLIAMSON*JOHN****MI*10329420200~REF*1L*00884700~REF*CE*EPO CONNECT~REF*EA*IDX135147X4~DTM*050*20260611~DTM*232*20260602~DTM*233*20260604~AMT*AU*987~SVC*HC:S9480*750*329*0905*1~DTM*150*20260602~DTM*151*20260602~CAS*CO*45*421~REF*APC*0~REF*6R*CX156593X67723.003~AMT*B6*329~SVC*HC:S9480*750*329*0905*1~DTM*150*20260603~DTM*151*20260603~CAS*CO*45*421~REF*APC*0~REF*6R*CX156593X67724.002~AMT*B6*329~SVC*HC:S9480*750*329*0905*1~DTM*150*20260604~DTM*151*20260604~CAS*CO*45*421~REF*APC*0~REF*6R*CX156593X67725.002~AMT*B6*329~SE*51*000000001~GE*1*391007215~IEA*1*391007215~