ISA*00*          *00*          *ZZ*CHC            *ZZ*00962249       *260601*1418*^*00501*356005228*0*P*:~GS*HP*CHC*00962249*20260601*14183000*356005228*X*005010X221A1~ST*835*000000001~BPR*I*25445*C*ACH*CCP*01*043301627*DA*1069954659C*1341858379**01*121000248*DA*4122170038*20260603~TRN*1*1247423590*1341858379~DTM*405*20260601~N1*PR*INDEPENDENCE BLUE CROSS, LLC~N3*1901 MARKET STREET~N4*PHILADELPHIA*PA*19103~REF*2U*SX055~PER*CX*EDI SUPPORT TEAM*FX*4408355656*TE*4408353511~PER*BL*EDI SUPPORT TEAM~N1*PE*PA THE RENFREW CENTERS*XX*1417971904~N3*PO BOX 823700~N4*PHILADELPHIA*PA*19182~REF*TJ*200994813~LX*1~CLP*CX154314X1*1*60000*25445*2975*12*260507245178*86*7~NM1*QC*1*WILLIAMS*NYLA*N***MI*R59089319~NM1*IL*1*WILLIAMS*ROBERT*J***MI*R59089319~REF*CE*100025457~DTM*232*20260330~DTM*233*20260419~DTM*050*20260601~PER*CX**TE*4408353511~AMT*AU*28420~SVC*NU:1001*60000*25445**20**0~DTM*150*20260330~DTM*151*20260419~CAS*CO*45*31580*1~CAS*PR*3*2975*1~REF*6R*CX154314X67659.002~AMT*B6*28420~SE*32*000000001~ST*835*000000002~BPR*I*179228.34*C*ACH*CCP*01*043301627*DA*1069954659C*1341858379**01*121000248*DA*4122170038*20260603~TRN*1*1247410061*1341858379~DTM*405*20260601~N1*PR*INDEPENDENCE BLUE CROSS, LLC~N3*1901 MARKET STREET~N4*PHILADELPHIA*PA*19103~REF*2U*SX055~PER*CX*EDI SUPPORT TEAM*FX*4408355656*TE*4408353511~PER*BL*EDI SUPPORT TEAM~N1*PE*PA THE RENFREW CENTERS*XX*1417971904~N3*PO BOX 823700~N4*PHILADELPHIA*PA*19182~REF*TJ*200994813~LX*1~CLP*CX153613X4*1*147000*69529*100*HM*20260407526181*11*1~NM1*QC*1*HEISCH*ANNA****MI*G9K900600905~REF*CE*3430267~DTM*232*20260213~DTM*233*20260402~DTM*050*20260529~PER*CX**TE*4408353511~AMT*AU*69629~SVC*NU:1001*147000*69529**49**0~DTM*150*20260213~DTM*151*20260402~CAS*CO*45*77371*1~CAS*PR*1*100*1~REF*6R*CX153613X67614.004~AMT*B6*69629~CLP*CX154780X4*22*-159000*0**HM*20260505562639*11*1~NM1*QC*1*HELLQUIST*NOEL****MI*WZA989W25596~REF*CE*3430267~DTM*232*20260309~DTM*233*20260430~DTM*050*20260529~PER*CX**TE*4408353511~SVC*NU:1001*-159000*0**53**0~DTM*150*20260309~DTM*151*20260430~CAS*CO*45*-159000*1~REF*6R*CX154780X67638.004~CLP*CX154780X4*4*159000*0**HM*20260505562639*11*1~NM1*QC*1*HELLQUIST*NOEL****MI*WZA989W25596~REF*CE*3430267~DTM*232*20260309~DTM*233*20260430~DTM*050*20260529~PER*CX**TE*4408353511~SVC*NU:1001*159000*0**53**0~DTM*150*20260309~DTM*151*20260430~CAS*CO*16*159000*1~REF*6R*CX154780X67638.004~LQ*HE*N199~CLP*CX155287X1*1*8250*3982*330*HM*20260513523089*13*1~NM1*QC*1*MIKULA*SAMANTHA****MI*XCA6001385100~REF*CE*3430267~DTM*232*20260414~DTM*233*20260429~DTM*050*20260529~PER*CX**TE*4408353511~AMT*AU*4312~SVC*HC:S9480*750*362*0905*1**0~DTM*472*20260414~CAS*CO*45*358*1~CAS*PR*3*30*1~REF*6R*CX155287X67674.003~AMT*B6*392~SVC*HC:S9480*750*362*0905*1**0~DTM*472*20260415~CAS*CO*45*358*1~CAS*PR*3*30*1~REF*6R*CX155287X67675.003~AMT*B6*392~SVC*HC:S9480*750*362*0905*1**0~DTM*472*20260416~CAS*CO*45*358*1~CAS*PR*3*30*1~REF*6R*CX155287X67676.002~AMT*B6*392~SVC*HC:S9480*750*362*0905*1**0~DTM*472*20260417~CAS*CO*45*358*1~CAS*PR*3*30*1~REF*6R*CX155287X67677.004~AMT*B6*392~SVC*HC:S9480*750*362*0905*1**0~DTM*472*20260420~CAS*CO*45*358*1~CAS*PR*3*30*1~REF*6R*CX155287X67680.002~AMT*B6*392~SVC*HC:S9480*750*362*0905*1**0~DTM*472*20260421~CAS*CO*45*358*1~CAS*PR*3*30*1~REF*6R*CX155287X67681.001~AMT*B6*392~SVC*HC:S9480*750*362*0905*1**0~DTM*472*20260422~CAS*CO*45*358*1~CAS*PR*3*30*1~REF*6R*CX155287X67682.001~AMT*B6*392~SVC*HC:S9480*750*362*0905*1**0~DTM*472*20260423~CAS*CO*45*358*1~CAS*PR*3*30*1~REF*6R*CX155287X67683.002~AMT*B6*392~SVC*HC:S9480*750*362*0905*1**0~DTM*472*20260427~CAS*CO*45*358*1~CAS*PR*3*30*1~REF*6R*CX155287X67687.001~AMT*B6*392~SVC*HC:S9480*750*362*0905*1**0~DTM*472*20260428~CAS*CO*45*358*1~CAS*PR*3*30*1~REF*6R*CX155287X67688.002~AMT*B6*392~SVC*HC:S9480*750*362*0905*1**0~DTM*472*20260429~CAS*CO*45*358*1~CAS*PR*3*30*1~REF*6R*CX155287X67689.001~AMT*B6*392~CLP*CX155257X3*1*105000*46485*3250*HM*20260513523104*11*1~NM1*QC*1*JORDAN*ALEXA****MI*XBU6021070906~NM1*IL*1*JORDAN*MICHAEL****MI*XBU6021070906~REF*CE*3430267~DTM*232*20260330~DTM*233*20260503~DTM*050*20260529~PER*CX**TE*4408353511~AMT*AU*49735~SVC*NU:1001*24000*11368**8**0~DTM*150*20260413~DTM*151*20260420~CAS*CO*45*12632*1~REF*6R*CX155257X67659.004~AMT*B6*11368~SVC*NU:1001*24000*11368**8**0~DTM*150*20260421~DTM*151*20260428~CAS*CO*45*12632*1~REF*6R*CX155257X67659.004~AMT*B6*11368~SVC*NU:1001*15000*7105**5**0~DTM*150*20260429~DTM*151*20260503~CAS*CO*45*7895*1~REF*6R*CX155257X67659.004~AMT*B6*7105~SVC*NU:1001*6000*1542**2**0~DTM*150*20260330~DTM*151*20260331~CAS*CO*45*3158*1~CAS*PR*3*1300*1~REF*6R*CX155257X67659.004~AMT*B6*2842~SVC*NU:1001*9000*2313**3**0~DTM*150*20260401~DTM*151*20260403~CAS*CO*45*4737*1~CAS*PR*3*1950*1~REF*6R*CX155257X67659.004~AMT*B6*4263~SVC*NU:1001*27000*12789**9**0~DTM*150*20260404~DTM*151*20260412~CAS*CO*45*14211*1~REF*6R*CX155257X67659.004~AMT*B6*12789~CLP*CX153640X1*1*1500*0**HM*20260519509351*13*4~NM1*QC*1*LEWIS*ALEXI****MI*DOM038W17330~REF*CE*3430267~DTM*232*20260330~DTM*050*20260529~PER*CX**TE*4408353511~SVC*HC:H0035*1500*0*0912*1**0~DTM*472*20260330~CAS*CO*45*1500*1~REF*6R*CX153640X67659.004~CLP*CX155498X1*1*102000*48314**HM*20260519509360*11*1~NM1*QC*1*DAWSON*GIVANA****MI*NJX3HZN72287080~REF*CE*3430267~DTM*232*20260413~DTM*233*20260516~DTM*050*20260529~PER*CX**TE*4408353511~AMT*AU*48314~SVC*NU:1001*102000*48314**34**0~DTM*150*20260413~DTM*151*20260516~CAS*CO*45*53686*1~REF*6R*CX155498X67673.002~AMT*B6*48314~CLP*CX155525X2*1*15000*7190**HM*20260520510338*13*3~NM1*QC*1*DESCHLER*EMILY****MI*PVG872A73302~REF*CE*3430267~DTM*232*20260504~DTM*233*20260515~DTM*050*20260529~PER*CX**TE*4408353511~AMT*AU*7190~SVC*HC:H0035*1500*719*0912*1**0~DTM*472*20260504~CAS*CO*45*781*1~REF*6R*CX155525X67694.003~AMT*B6*719~SVC*HC:H0035*1500*719*0912*1**0~DTM*472*20260505~CAS*CO*45*781*1~REF*6R*CX155525X67695.003~AMT*B6*719~SVC*HC:H0035*1500*719*0912*1**0~DTM*472*20260506~CAS*CO*45*781*1~REF*6R*CX155525X67696.005~AMT*B6*719~SVC*HC:H0035*1500*719*0912*1**0~DTM*472*20260507~CAS*CO*45*781*1~REF*6R*CX155525X67697.002~AMT*B6*719~SVC*HC:H0035*1500*719*0912*1**0~DTM*472*20260508~CAS*CO*45*781*1~REF*6R*CX155525X67698.003~AMT*B6*719~SVC*HC:H0035*1500*719*0912*1**0~DTM*472*20260511~CAS*CO*45*781*1~REF*6R*CX155525X67701.003~AMT*B6*719~SVC*HC:H0035*1500*719*0912*1**0~DTM*472*20260512~CAS*CO*45*781*1~REF*6R*CX155525X67702.004~AMT*B6*719~SVC*HC:H0035*1500*719*0912*1**0~DTM*472*20260513~CAS*CO*45*781*1~REF*6R*CX155525X67703.003~AMT*B6*719~SVC*HC:H0035*1500*719*0912*1**0~DTM*472*20260514~CAS*CO*45*781*1~REF*6R*CX155525X67704.002~AMT*B6*719~SVC*HC:H0035*1500*719*0912*1**0~DTM*472*20260515~CAS*CO*45*781*1~REF*6R*CX155525X67705.004~AMT*B6*719~CLP*CX155528X1*1*7500*3595**HM*20260520510620*13*2~NM1*QC*1*POWELL*CARA****MI*HSG3HZN51094850~REF*CE*3430267~DTM*232*20260511~DTM*233*20260515~DTM*050*20260529~PER*CX**TE*4408353511~AMT*AU*3595~SVC*HC:H0035*1500*719*0912*1**0~DTM*472*20260511~CAS*CO*45*781*1~REF*6R*CX155528X67701.002~AMT*B6*719~SVC*HC:H0035*1500*719*0912*1**0~DTM*472*20260512~CAS*CO*45*781*1~REF*6R*CX155528X67702.001~AMT*B6*719~SVC*HC:H0035*1500*719*0912*1**0~DTM*472*20260513~CAS*CO*45*781*1~REF*6R*CX155528X67703.002~AMT*B6*719~SVC*HC:H0035*1500*719*0912*1**0~DTM*472*20260514~CAS*CO*45*781*1~REF*6R*CX155528X67704.001~AMT*B6*719~SVC*HC:H0035*1500*719*0912*1**0~DTM*472*20260515~CAS*CO*45*781*1~REF*6R*CX155528X67705.001~AMT*B6*719~CLP*CX155535X8*4*7500*0*7500*HM*20260520510621*13*2~NM1*QC*1*D''ANNUNZIO*MADISON****MI*L6Q806855092~REF*CE*3430267~DTM*232*20260511~DTM*233*20260515~DTM*050*20260529~PER*CX**TE*4408353511~SVC*HC:H0035*1500*0*0912*1**0~DTM*472*20260511~CAS*PR*96*1500*1~REF*6R*CX155535X67701.002~LQ*HE*N448~SVC*HC:H0035*1500*0*0912*1**0~DTM*472*20260512~CAS*PR*96*1500*1~REF*6R*CX155535X67702.001~LQ*HE*N448~SVC*HC:H0035*1500*0*0912*1**0~DTM*472*20260513~CAS*PR*96*1500*1~REF*6R*CX155535X67703.002~LQ*HE*N448~SVC*HC:H0035*1500*0*0912*1**0~DTM*472*20260514~CAS*PR*96*1500*1~REF*6R*CX155535X67704.002~LQ*HE*N448~SVC*HC:H0035*1500*0*0912*1**0~DTM*472*20260515~CAS*PR*96*1500*1~REF*6R*CX155535X67705.002~LQ*HE*N448~CLP*CX155542X1*4*6000*0**HM*20260520510701*13*4~NM1*QC*1*POWELL*CARA****MI*HSG3HZN51094850~REF*CE*3430267~DTM*232*20260504~DTM*233*20260507~DTM*050*20260529~PER*CX**TE*4408353511~SVC*HC:H0035*1500*0*0912*1**0~DTM*472*20260504~CAS*CO*16*1500*1~REF*6R*CX155542X67694.004~LQ*HE*N50~SVC*HC:H0035*1500*0*0912*1**0~DTM*472*20260505~CAS*CO*16*1500*1~REF*6R*CX155542X67695.002~LQ*HE*N50~SVC*HC:H0035*1500*0*0912*1**0~DTM*472*20260506~CAS*CO*16*1500*1~REF*6R*CX155542X67696.004~LQ*HE*N50~SVC*HC:H0035*1500*0*0912*1**0~DTM*472*20260507~CAS*CO*16*1500*1~REF*6R*CX155542X67697.003~LQ*HE*N50~CLP*CX154780X4*1*159000*0**HM*20260520567272*11*7~NM1*QC*1*HELLQUIST*NOEL****MI*WZA989W25596~REF*CE*3430267~DTM*232*20260309~DTM*233*20260430~DTM*050*20260529~PER*CX**TE*4408353511~SVC*NU:1001*159000*0**53**0~DTM*150*20260309~DTM*151*20260430~CAS*CO*45*159000*1~REF*6R*CX154780X67638.004~CLP*CX153403X1*1*1500*0**HM*20260522596485*13*4~NM1*QC*1*LANGMAN*ANNA****MI*YWT80242702100~REF*CE*3430267~DTM*232*20260323~DTM*050*20260529~PER*CX**TE*4408353511~SVC*HC:H0035*1500*0*0912*1**0~DTM*472*20260323~CAS*CO*45*1500*1~REF*6R*CX153403X67652.001~PLB*1417971904*20261231*L6:PLBL6-133.3428339193*-133.34~SE*374*000000002~GE*2*356005228~IEA*1*356005228~