ISA*00*          *00*          *ZZ*CHC            *ZZ*00962249       *260608*0616*^*00501*932006276*0*P*:~GS*HP*CHC*00962249*20260608*06162900*932006276*X*005010X221A1~ST*835*000000001~BPR*I*1380*C*ACH*CCP*01*031100209*DA*0000009108*1066033492**01*121000248*DA*4122170038*20260611~TRN*1*826159000176178*1066033492~REF*EV*133052274~DTM*405*20260608~N1*PR*AETNA~N3*151 FARMINGTON AVENUE~N4*HARTFORD*CT*06156~REF*2U*60054~PER*BL*PROVIDER SERVICE~N1*PE*THE RENFREW CENTER OF MASSACHUSETTS, LLC*XX*1346674215~N3*PO BOX 713700~N4*PHILADELPHIA*PA*191713700~REF*PQ*046923740~REF*TJ*463400788~LX*1~TS3*1346674215*22*20261231*1*3000~CLP*CX156182X1*1*3000*1380**13*EJADW6TDP0000*13*3~NM1*QC*1*DONNELLY*MELISSA~NM1*IL*1*DONNELLY*MICHAEL****MI*W292679995~REF*1L*0237219-011-00020-BL~REF*CE*AETNA OPEN ACCESS  MANAGED CHOICE NET 00339~DTM*232*20260526~DTM*233*20260529~DTM*050*20260602~PER*CX**TE*8886323862~AMT*AU*3000~SVC*HC:S9480:95*750*345*0905*1~DTM*472*20260526~CAS*CO*45*405~REF*6R*CX156182X67716.001~AMT*B6*345~SVC*HC:S9480:95*750*345*0905*1~DTM*472*20260527~CAS*CO*45*405~REF*6R*CX156182X67717.001~AMT*B6*345~SVC*HC:S9480:95*750*345*0905*1~DTM*472*20260528~CAS*CO*45*405~REF*6R*CX156182X67718.001~AMT*B6*345~SVC*HC:S9480:95*750*345*0905*1~DTM*472*20260529~CAS*CO*45*405~REF*6R*CX156182X67719.002~AMT*B6*345~SE*48*000000001~ST*835*000000002~BPR*I*5070*C*ACH*CCP*01*011900445*DA*0000009046*1066033492**01*121000248*DA*4122170038*20260611~TRN*1*826159000176181*1066033492~REF*EV*133052274~DTM*405*20260608~N1*PR*AETNA~N3*151 FARMINGTON AVENUE~N4*HARTFORD*CT*06156~REF*2U*60054~PER*BL*PROVIDER SERVICE~N1*PE*THE RENFREW CENTER OF MASSACHUSETTS, LLC*XX*1346674215~N3*PO BOX 713700~N4*PHILADELPHIA*PA*191713700~REF*PQ*046923740~REF*TJ*463400788~LX*1~TS3*1346674215*22*20261231*5*12750~CLP*CX156154X3*1*1500*690**13*EHY2W5CRM0000*13*3~NM1*QC*1*MURPHY*CHARLOTTE~NM1*IL*1*MURPHY*JEANINE****MI*W047263833~REF*1L*0657263-010-00121-CA~REF*CE*AETNA CHOICE  POS II NET 00339~DTM*232*20260527~DTM*233*20260528~DTM*050*20260602~PER*CX**TE*8886323862~AMT*AU*1500~SVC*HC:S9480*750*345*0905*1~DTM*472*20260527~CAS*CO*45*405~REF*6R*CX156154X67717.003~AMT*B6*345~SVC*HC:S9480*750*345*0905*1~DTM*472*20260528~CAS*CO*45*405~REF*6R*CX156154X67718.002~AMT*B6*345~CLP*CX156151X3*1*3000*1200**13*EJPDW6J5D0000*13*3~NM1*QC*1*KRIVOKRYSENKO*ZOYA~NM1*IL*1*SHYSHYNOVA*INNA****MI*W285581622~REF*G1*074652413~REF*1L*0622709-024-00001- D~REF*CE*AETNA CHOICE  POS II NET 00339~DTM*232*20260526~DTM*233*20260527~DTM*050*20260602~PER*CX**TE*8886323862~AMT*AU*3000~SVC*HC:H0035*1500*600*0912*1~DTM*472*20260526~CAS*CO*45*900~REF*6R*CX156151X67716.004~AMT*B6*600~SVC*HC:H0035*1500*600*0912*1~DTM*472*20260527~CAS*CO*45*900~REF*6R*CX156151X67717.004~AMT*B6*600~CLP*CX156149X1*1*4500*1800**13*EJY2W52480000*13*3~NM1*QC*1*MOSSMAN*EMMA~NM1*IL*1*MOSSMAN*KURT****MI*W215171097~REF*G1*074710080~REF*1L*0660819-016-00001-EB~REF*CE*AETNA CHOICE  POS II NET 00339~DTM*232*20260526~DTM*233*20260529~DTM*050*20260602~PER*CX**TE*8886323862~AMT*AU*4500~SVC*HC:H0035*1500*600*0912*1~DTM*472*20260526~CAS*CO*45*900~REF*6R*CX156149X67716.004~AMT*B6*600~SVC*HC:H0035*1500*600*0912*1~DTM*472*20260528~CAS*CO*45*900~REF*6R*CX156149X67718.003~AMT*B6*600~SVC*HC:H0035*1500*600*0912*1~DTM*472*20260529~CAS*CO*45*900~REF*6R*CX156149X67719.002~AMT*B6*600~CLP*CX156153X2*1*1500*552*138*13*EVADT55ZG0000*13*3~NM1*QC*1*STOLPER*MADELINE~NM1*IL*1*STOLPER*ROBERT****MI*W24079602104~NM1*74*1******C*W240796021~REF*1L*0868654-012-00001-HB~REF*CE*AETNA CHOICE  POS II NET 00339~DTM*232*20260527~DTM*233*20260528~DTM*050*20260603~PER*CX**TE*8886323862~AMT*AU*1500~SVC*HC:S9480*750*276*0905*1~DTM*472*20260527~CAS*CO*45*405~CAS*PR*2*69~REF*6R*CX156153X67717.002~AMT*B6*345~SVC*HC:S9480*750*276*0905*1~DTM*472*20260528~CAS*CO*45*405~CAS*PR*2*69~REF*6R*CX156153X67718.002~AMT*B6*345~CLP*CX155916X3*1*2250*828*207*13*EV37T9XPH0000*13*2~NM1*QC*1*STOLPER*MADELINE~NM1*IL*1*STOLPER*ROBERT****MI*W24079602104~NM1*74*1******C*W240796021~REF*1L*0868654-012-00001-HB~REF*CE*AETNA CHOICE  POS II NET 00339~DTM*232*20260518~DTM*233*20260521~DTM*050*20260603~PER*CX**TE*8886323862~AMT*AU*2250~SVC*HC:S9480*750*276*0905*1~DTM*472*20260518~CAS*CO*45*405~CAS*PR*2*69~REF*6R*CX155916X67708.002~AMT*B6*345~SVC*HC:S9480*750*276*0905*1~DTM*472*20260520~CAS*CO*45*405~CAS*PR*2*69~REF*6R*CX155916X67710.002~AMT*B6*345~SVC*HC:S9480*750*276*0905*1~DTM*472*20260521~CAS*CO*45*405~CAS*PR*2*69~REF*6R*CX155916X67711.002~AMT*B6*345~SE*137*000000002~GE*2*932006276~IEA*1*932006276~