ISA*00*          *00*          *ZZ*CHC            *ZZ*00962249       *260626*0340*^*00501*487207504*0*P*:~GS*HP*CHC*00962249*20260626*03401600*487207504*X*005010X221A1~ST*835*000000001~BPR*H*0*C*NON******9999999999*999999999*****20260630~TRN*1*55721555*1411289245*000087726~REF*EV*BFT220003440~REF*F2*1284~DTM*405*20260625~N1*PR*UNITED HEALTHCARE INSURANCE COMPANY~N3*4 RESEARCH DRIVE~N4*SHELTON*CT*064846282~REF*2U*87726~PER*CX*PROVIDER ESOLUTIONS*TE*8778423210~PER*BL*OPERATIONS*TE*8662740906~N1*PE*RENFREW CENTER*XX*1083812762~N3*PO BOX 823700~N4*PHILADELPHIA*PA*19182~REF*TJ*205497459~LX*1~TS3*A4902092*01*20261231*1*2250~CLP*CX156575X1*1*2250*0**HM*FU99607887*01*3~NM1*QC*1*PENDRAGON*GABRIEL****MI*98640649700~REF*CE*OPTUM HEALTH BEHAVIORAL SERVICES  OHBS~DTM*232*20260602~DTM*233*20260605~SVC*HC:S9480*750*0*0905*0~DTM*472*20260602~CAS*CO*197*750~REF*6R*CX156575X67723.001~SVC*HC:S9480*750*0*0905*0~DTM*472*20260603~CAS*CO*197*750~REF*6R*CX156575X67724.002~SVC*HC:S9480*750*0*0905*0~DTM*472*20260605~CAS*CO*197*750~REF*6R*CX156575X67726.003~SE*36*000000001~GE*1*487207504~IEA*1*487207504~