ISA*00*          *00*          *ZZ*CHC            *ZZ*00962249       *260714*1534*^*00501*113805525*0*P*:~GS*HP*CHC*00962249*20260714*15340000*113805525*X*005010X221A1~ST*835*000000001~BPR*I*7847*C*ACH*CCP*01*124384877*DA*1470858534*1411289245*000087726*01*121000248*DA*4122170038*20260716~TRN*1*26195B1000044017*1411289245*000087726~REF*EV*B00099999800~DTM*405*20260714~N1*PR*UNITED HEALTHCARE INSURANCE COMPANY~N3*PO BOX 30755~N4*SALT LAKE CITY*UT*841300755~REF*2U*87726~PER*CX*UNITED BEHAVIORAL HEALTH*TE*8003338724~PER*BL*UNKNOWN*UR*WWW.UNITEDHEALTHCAREONLINE.COM/B2C/CONTACTUS.DO~N1*PE*THE RENFREW CENTER OF PENNSYLVANIA LLC*XX*1417971904~N3*PO BOX 823700~N4*PHILADELPHIA*PA*19182~REF*TJ*200994813~LX*1~CLP*CX157153X2*1*21000*7847**15*26XF75817000*11*3~NM1*QC*1*DUTCHER*SHEA****MI*R226418623~NM1*74*1******C*028806988~REF*G1*DBJCLG-01~REF*1L*AW025423~REF*CE*RENFREW CENTERS~REF*EA*IDX136318X3~DTM*232*20260622~DTM*233*20260628~DTM*050*20260630~AMT*AU*7847~SVC*NU:1001*3000*1121**1~DTM*472*20260622~CAS*CO*45*1879~REF*6R*CX157153X67743.002~AMT*B6*1121~SVC*NU:1001*3000*1121**1~DTM*472*20260623~CAS*CO*45*1879~REF*6R*CX157153X67744.003~AMT*B6*1121~SVC*NU:1001*3000*1121**1~DTM*472*20260624~CAS*CO*45*1879~REF*6R*CX157153X67745.004~AMT*B6*1121~SVC*NU:1001*3000*1121**1~DTM*472*20260625~CAS*CO*45*1879~REF*6R*CX157153X67746.001~AMT*B6*1121~SVC*NU:1001*3000*1121**1~DTM*472*20260626~CAS*CO*45*1879~REF*6R*CX157153X67747.004~AMT*B6*1121~SVC*NU:1001*3000*1121**1~DTM*472*20260627~CAS*CO*45*1879~REF*6R*CX157153X67748.001~AMT*B6*1121~SVC*NU:1001*3000*1121**1~DTM*472*20260628~CAS*CO*45*1879~REF*6R*CX157153X67749.004~AMT*B6*1121~SE*63*000000001~GE*1*113805525~IEA*1*113805525~