ISA*00*          *00*          *ZZ*CHC            *ZZ*00962249       *260624*0618*^*00501*331805047*0*P*:~GS*HP*CHC*00962249*20260624*06181400*331805047*X*005010X221A1~ST*835*000000001~BPR*H*0*C*NON************20260624~TRN*1*926175000282598*1066033492~REF*EV*133052274~DTM*405*20260624~N1*PR*AETNA~N3*151 FARMINGTON AVENUE~N4*HARTFORD*CT*06156~REF*2U*60054~PER*BL*PROVIDER SERVICE~N1*PE*THE RENFREW CENTER OF PHILADELPHIA LLC*XX*1417971904~N3*PO BOX 713700~N4*PHILADELPHIA*PA*191713700~REF*PQ*182224660~REF*TJ*200994813~LX*1~TS3*1417971904*22*20261231*1*1500~CLP*CX156669X3*1*1500*0**12*E2616701940000*13*2~NM1*QC*1*NAKAMURA*SAYAKO****MI*W295697482~NM1*82*2*THE RENFREW CENTER OF PENNSYLVANIA,*****XX*1417971904~REF*1L*0252651-036-00103-UA~REF*CE*PPO-MEDICAL NET 00140~DTM*232*20260612~DTM*233*20260612~DTM*050*20260616~PER*CX**TE*8886323862~SVC*HC:H0035*1500*0**1~DTM*472*20260612~CAS*PI*197*1500~REF*6R*CX156669X67733.004~SE*31*000000001~GE*1*331805047~IEA*1*331805047~