ISA*00*          *00*          *ZZ*CHC            *ZZ*00962249       *260609*0622*^*00501*953806397*0*P*:~GS*HP*CHC*00962249*20260609*06224100*953806397*X*005010X221A1~ST*835*000000001~BPR*I*8526*C*ACH*CCP*01*011900445*DA*0000009046*1066033492**01*121000248*DA*4122170038*20260612~TRN*1*826160000173061*1066033492~REF*EV*133052274~DTM*405*20260609~N1*PR*AETNA~N3*151 FARMINGTON AVENUE~N4*HARTFORD*CT*06156~REF*2U*60054~PER*BL*PROVIDER SERVICE~N1*PE*RENFREW CENTER OF NJ, LLC*XX*1164514691~N3*PO BOX 713700~N4*PHILADELPHIA*PA*191713700~REF*PQ*926670170~REF*TJ*223704728~LX*1~TS3*1164514691*22*20261231*1*1500~CLP*CX156072X1*1*1500*678**13*EZTYT5Q5V0000*13*3~NM1*QC*1*ORLANDINO*AMANDA****MI*W295834672~NM1*82*2*THE RENFREW CENTER OF NEW JERSEY*****XX*1164514691~REF*1L*0169659-040-00413-CZ~REF*CE*AETNA CHOICE  POS II NET 01449~DTM*232*20260527~DTM*233*20260528~DTM*050*20260602~PER*CX**TE*8886323862~AMT*AU*1500~SVC*HC:S9480*750*339*0905*1~DTM*472*20260527~CAS*CO*45*411~REF*6R*CX156072X67717.002~AMT*B6*339~SVC*HC:S9480*750*339*0905*1~DTM*472*20260528~CAS*CO*45*411~REF*6R*CX156072X67718.002~AMT*B6*339~LX*2~TS3*1164514691*22*20261231*4*18750~CLP*CX156063X1*1*1500*621**13*EYY2T5Q7D0000*13*4~NM1*QC*1*MCCOY*STACEY****MI*W121673728~NM1*82*2*THE RENFREW CENTER OF NEW JERSEY*****XX*1164514691~REF*G1*074760972~REF*1L*0237164-010-00001- A~REF*CE*AETNA CHOICE  POS II NET 01450~DTM*232*20260522~DTM*233*20260522~DTM*050*20260602~PER*CX**TE*8886323862~AMT*AU*1500~SVC*HC:H0035*1500*621*0912*1~DTM*472*20260522~CAS*CO*45*879~REF*6R*CX156063X67712.004~AMT*B6*621~CLP*CX156065X3*1*7500*3105**13*EZADT5Q6Q0000*13*3~NM1*QC*1*DUPONT*LEEAHNA~NM1*IL*1*DUPONT*VERCY****MI*W287367001~NM1*74*1**LEEAHNA~NM1*82*2*THE RENFREW CENTER OF NEW JERSEY*****XX*1164514691~REF*G1*074779308~REF*1L*0181137-041-00006-AD~REF*CE*AETNA CHOICE  POS II NET 01450~DTM*232*20260522~DTM*233*20260529~DTM*050*20260602~PER*CX**TE*8886323862~AMT*AU*7500~SVC*HC:H0035*1500*621*0912*1~DTM*472*20260522~CAS*CO*45*879~REF*6R*CX156065X67712.004~AMT*B6*621~SVC*HC:H0035*1500*621*0912*1~DTM*472*20260526~CAS*CO*45*879~REF*6R*CX156065X67716.003~AMT*B6*621~SVC*HC:H0035*1500*621*0912*1~DTM*472*20260527~CAS*CO*45*879~REF*6R*CX156065X67717.003~AMT*B6*621~SVC*HC:H0035*1500*621*0912*1~DTM*472*20260528~CAS*CO*45*879~REF*6R*CX156065X67718.003~AMT*B6*621~SVC*HC:H0035*1500*621*0912*1~DTM*472*20260529~CAS*CO*45*879~REF*6R*CX156065X67719.004~AMT*B6*621~CLP*CX156064X2*1*7500*3105**13*EZJNT5Q6C0000*13*3~NM1*QC*1*ESTEPP*OLIVIA~NM1*IL*1*ESTEPP*JESSICA****MI*W287264157~NM1*74*1*SIMON-ESTEPP~NM1*82*2*THE RENFREW CENTER OF NEW JERSEY*****XX*1164514691~REF*G1*074651242~REF*1L*0237611-040-00001-NA~REF*CE*AETNA CHOICE  POS II NET 01450~DTM*232*20260522~DTM*233*20260529~DTM*050*20260602~PER*CX**TE*8886323862~AMT*AU*7500~SVC*HC:H0035*1500*621*0912*1~DTM*472*20260522~CAS*CO*45*879~REF*6R*CX156064X67712.004~AMT*B6*621~SVC*HC:H0035*1500*621*0912*1~DTM*472*20260526~CAS*CO*45*879~REF*6R*CX156064X67716.002~AMT*B6*621~SVC*HC:H0035*1500*621*0912*1~DTM*472*20260527~CAS*CO*45*879~REF*6R*CX156064X67717.003~AMT*B6*621~SVC*HC:H0035*1500*621*0912*1~DTM*472*20260528~CAS*CO*45*879~REF*6R*CX156064X67718.003~AMT*B6*621~SVC*HC:H0035*1500*621*0912*1~DTM*472*20260529~CAS*CO*45*879~REF*6R*CX156064X67719.005~AMT*B6*621~CLP*CX156095X1*1*2250*1017**13*EZ37T5Q5J0000*13*3~NM1*QC*1*MCGEECHAN*JAMIE~NM1*IL*1*MCGEECHAN*JAMES****MI*W294528610~NM1*82*2*THE RENFREW CENTER OF NEW JERSEY*****XX*1164514691~REF*1L*0181137-041-00005-AC~REF*CE*AETNA CHOICE  POS II NET 01450~DTM*232*20260526~DTM*233*20260528~DTM*050*20260602~PER*CX**TE*8886323862~AMT*AU*2250~SVC*HC:S9480:95*750*339*0905*1~DTM*472*20260526~CAS*CO*45*411~REF*6R*CX156095X67716.001~AMT*B6*339~SVC*HC:S9480:95*750*339*0905*1~DTM*472*20260527~CAS*CO*45*411~REF*6R*CX156095X67717.003~AMT*B6*339~SVC*HC:S9480:95*750*339*0905*1~DTM*472*20260528~CAS*CO*45*411~REF*6R*CX156095X67718.001~AMT*B6*339~SE*158*000000001~GE*1*953806397~IEA*1*953806397~