ISA*00*          *00*          *ZZ*CHC            *ZZ*00962249       *260614*1638*^*00501*491202955*0*P*:~GS*HP*CHC*00962249*20260614*16382100*491202955*X*005010X221A1~ST*835*000000001~BPR*I*553*C*CHK******9999999999*999999999*****20260613~TRN*1*3206475*1942649097*000087726~REF*EV*B00099999800~DTM*405*20260613~N1*PR*UNITED HEALTHCARE INSURANCE COMPANY~N3*P.O. BOX 30755~N4*SALT LAKE CITY*UT*84130~REF*2U*87726~REF*EO*1805600001~PER*BL*UNKNOWN*UR*WWW.UNITEDHEALTHCAREONLINE.COM/B2C/CONTACTUS.DO~N1*PE*RENFREW CENTER OF MASSACHUSETTS LLC*XX*1346674215~N3*PO BOX 713700~N4*PHILADELPHIA*PA*191713700~REF*TJ*463400788~LX*1~CLP*CX156599X2*1*1500*553**15*26XF17313300*13*4~NM1*QC*1*BRODY*SUSAN****MI*R225801475~NM1*74*1***S***C*034522840~REF*G1*YLR6ZA-01~REF*1L*AW023147~REF*CE*RENFREW CENTER OF MASSACHUSETTS LLC~REF*EA*IDX135763X3~DTM*232*20260601~DTM*233*20260601~DTM*050*20260611~AMT*AU*553~SVC*HC:H0035*1500*553*0912*1~DTM*472*20260601~CAS*CO*45*947~REF*6R*CX156599X67722.003~REF*HPI*1457919383~AMT*B6*553~SE*34*000000001~ST*835*000000002~BPR*I*1410*C*CHK******9999999999*999999999*****20260613~TRN*1*4864021*1942649097*000087726~REF*EV*B00099999800~DTM*405*20260613~N1*PR*UNITED HEALTHCARE INSURANCE COMPANY~N3*P.O. BOX 30755~N4*SALT LAKE CITY*UT*84130~REF*2U*87726~REF*EO*1805600001~PER*BL*UNKNOWN*UR*WWW.UNITEDHEALTHCAREONLINE.COM/B2C/CONTACTUS.DO~N1*PE*RENFREW CENTER OF MASSACHUSETTS LLC*XX*1346674215~N3*PO BOX 713700~N4*PHILADELPHIA*PA*191713700~REF*TJ*463400788~LX*1~CLP*CX156600X1*1*2250*846**15*26XF17147400*13*3~NM1*QC*1*KAAFARANI*YARA****MI*02688755102~NM1*IL*1*FARHAT*MAHA****MI*R225644772~NM1*74*1***R***C*026887551~REF*G1*NO AUTH REQUIRED~REF*1L*AW025301~REF*CE*RENFREW CENTER OF MASSACHUSETTS LLC~REF*EA*IDX132624X8~DTM*232*20260601~DTM*233*20260604~DTM*050*20260611~AMT*AU*846~SVC*HC:S9480*750*282*0905*1~DTM*472*20260601~CAS*CO*45*468~REF*6R*CX156600X67722.002~REF*HPI*1457919383~AMT*B6*282~SVC*HC:S9480*750*282*0905*1~DTM*472*20260603~CAS*CO*45*468~REF*6R*CX156600X67724.002~REF*HPI*1457919383~AMT*B6*282~SVC*HC:S9480*750*282*0905*1~DTM*472*20260604~CAS*CO*45*468~REF*6R*CX156600X67725.001~REF*HPI*1457919383~AMT*B6*282~CLP*CX156601X2*1*1500*564**15*26XF17235600*13*2~NM1*QC*1*YINGER*RACHEL****MI*R225631468~NM1*74*1***V***C*181764245~REF*G1*NO AUTH REQUIRED~REF*1L*AW025276~REF*CE*RENFREW CENTER OF MASSACHUSETTS LLC~REF*EA*IDX136194X3~DTM*232*20260603~DTM*233*20260604~DTM*050*20260611~AMT*AU*564~SVC*HC:S9480*750*282*0905*1~DTM*472*20260603~CAS*CO*45*468~REF*6R*CX156601X67724.002~REF*HPI*1457919383~AMT*B6*282~SVC*HC:S9480*750*282*0905*1~DTM*472*20260604~CAS*CO*45*468~REF*6R*CX156601X67725.001~REF*HPI*1457919383~AMT*B6*282~SE*70*000000002~GE*2*491202955~IEA*1*491202955~