ISA*00*          *00*          *ZZ*CHC            *ZZ*00962249       *260624*1219*^*00501*409807012*0*P*:~GS*HP*CHC*00962249*20260624*12194200*409807012*X*005010X221A1~ST*835*000000001~BPR*I*58156.6*C*ACH*CCP*01*043301627*DA*1069954659C*1341858379**01*121000248*DA*4122170038*20260626~TRN*1*1251771637*1341858379~DTM*405*20260624~N1*PR*INDEPENDENCE ADMINISTRATORS~N3*PO BOX 21974~N4*EAGAN*MN*55121~REF*2U*SX055~PER*CX*EDI SUPPORT TEAM*FX*4408355656*TE*4408353511~PER*BL*EDI SUPPORT TEAM~N1*PE*PA THE RENFREW CENTERS*XX*1417971904~N3*PO BOX 823700~N4*PHILADELPHIA*PA*19182~REF*TJ*200994813~LX*1~CLP*CX152232X1*1*7500*3595**ZZ*2026062056763*13*2~NM1*QC*1*WINIKOFF*SARAH****MI*2068145500~NM1*IL*1*WINIKOFF*STEPHEN****MI*2068145500~REF*CE*902022431~DTM*232*20260223~DTM*233*20260227~DTM*050*20260618~PER*CX**TE*4408353511~AMT*AU*3595~SVC*NU:0912*1500*719**1**0~DTM*472*20260223~CAS*CO*45*781*1~REF*6R*CX152232X67624.004~AMT*B6*719~SVC*NU:0912*1500*719**1**0~DTM*472*20260224~CAS*CO*45*781*1~REF*6R*CX152232X67625.004~AMT*B6*719~SVC*NU:0912*1500*719**1**0~DTM*472*20260225~CAS*CO*45*781*1~REF*6R*CX152232X67626.004~AMT*B6*719~SVC*NU:0912*1500*719**1**0~DTM*472*20260226~CAS*CO*45*781*1~REF*6R*CX152232X67627.004~AMT*B6*719~SVC*NU:0912*1500*719**1**0~DTM*472*20260227~CAS*CO*45*781*1~REF*6R*CX152232X67628.005~AMT*B6*719~CLP*CX152704X1*1*7500*3595**ZZ*2026070057501*13*3~NM1*QC*1*WINIKOFF*SARAH****MI*2068145500~NM1*IL*1*WINIKOFF*STEPHEN****MI*2068145500~REF*CE*902022431~DTM*232*20260302~DTM*233*20260306~DTM*050*20260618~PER*CX**TE*4408353511~AMT*AU*3595~SVC*NU:0912*1500*719**1**0~DTM*472*20260302~CAS*CO*45*781*1~REF*6R*CX152704X67631.004~AMT*B6*719~SVC*NU:0912*1500*719**1**0~DTM*472*20260303~CAS*CO*45*781*1~REF*6R*CX152704X67632.003~AMT*B6*719~SVC*NU:0912*1500*719**1**0~DTM*472*20260304~CAS*CO*45*781*1~REF*6R*CX152704X67633.003~AMT*B6*719~SVC*NU:0912*1500*719**1**0~DTM*472*20260305~CAS*CO*45*781*1~REF*6R*CX152704X67634.004~AMT*B6*719~SVC*NU:0912*1500*719**1**0~DTM*472*20260306~CAS*CO*45*781*1~REF*6R*CX152704X67635.005~AMT*B6*719~CLP*CX152946X1*1*7500*3595**ZZ*2026076044737*13*3~NM1*QC*1*WINIKOFF*SARAH****MI*2068145500~NM1*IL*1*WINIKOFF*STEPHEN****MI*2068145500~REF*CE*902022431~DTM*232*20260309~DTM*233*20260313~DTM*050*20260618~PER*CX**TE*4408353511~AMT*AU*3595~SVC*NU:0912*1500*719**1**0~DTM*472*20260309~CAS*CO*45*781*1~REF*6R*CX152946X67638.003~AMT*B6*719~SVC*NU:0912*1500*719**1**0~DTM*472*20260310~CAS*CO*45*781*1~REF*6R*CX152946X67639.002~AMT*B6*719~SVC*NU:0912*1500*719**1**0~DTM*472*20260311~CAS*CO*45*781*1~REF*6R*CX152946X67640.003~AMT*B6*719~SVC*NU:0912*1500*719**1**0~DTM*472*20260312~CAS*CO*45*781*1~REF*6R*CX152946X67641.003~AMT*B6*719~SVC*NU:0912*1500*719**1**0~DTM*472*20260313~CAS*CO*45*781*1~REF*6R*CX152946X67642.003~AMT*B6*719~CLP*CX153187X1*1*4500*2157**ZZ*2026084032680*13*3~NM1*QC*1*WINIKOFF*SARAH****MI*2068145500~NM1*IL*1*WINIKOFF*STEPHEN****MI*2068145500~REF*CE*902022431~DTM*232*20260318~DTM*233*20260320~DTM*050*20260618~PER*CX**TE*4408353511~AMT*AU*2157~SVC*NU:0912*1500*719**1**0~DTM*472*20260318~CAS*CO*45*781*1~REF*6R*CX153187X67647.003~AMT*B6*719~SVC*NU:0912*1500*719**1**0~DTM*472*20260319~CAS*CO*45*781*1~REF*6R*CX153187X67648.004~AMT*B6*719~SVC*NU:0912*1500*719**1**0~DTM*472*20260320~CAS*CO*45*781*1~REF*6R*CX153187X67649.002~AMT*B6*719~CLP*CX153434X1*1*7500*3595**ZZ*2026091080953*13*3~NM1*QC*1*WINIKOFF*SARAH****MI*2068145500~NM1*IL*1*WINIKOFF*STEPHEN****MI*2068145500~REF*CE*902022431~DTM*232*20260323~DTM*233*20260327~DTM*050*20260618~PER*CX**TE*4408353511~AMT*AU*3595~SVC*NU:0912*1500*719**1**0~DTM*472*20260323~CAS*CO*45*781*1~REF*6R*CX153434X67652.004~AMT*B6*719~SVC*NU:0912*1500*719**1**0~DTM*472*20260324~CAS*CO*45*781*1~REF*6R*CX153434X67653.002~AMT*B6*719~SVC*NU:0912*1500*719**1**0~DTM*472*20260325~CAS*CO*45*781*1~REF*6R*CX153434X67654.003~AMT*B6*719~SVC*NU:0912*1500*719**1**0~DTM*472*20260326~CAS*CO*45*781*1~REF*6R*CX153434X67655.004~AMT*B6*719~SVC*NU:0912*1500*719**1**0~DTM*472*20260327~CAS*CO*45*781*1~REF*6R*CX153434X67656.004~AMT*B6*719~CLP*CX153671X1*1*6000*2876**ZZ*2026097035716*13*3~NM1*QC*1*WINIKOFF*SARAH****MI*2068145500~NM1*IL*1*WINIKOFF*STEPHEN****MI*2068145500~REF*CE*902022431~DTM*232*20260331~DTM*233*20260403~DTM*050*20260618~PER*CX**TE*4408353511~AMT*AU*2876~SVC*NU:0912*1500*719**1**0~DTM*472*20260331~CAS*CO*45*781*1~REF*6R*CX153671X67660.002~AMT*B6*719~SVC*NU:0912*1500*719**1**0~DTM*472*20260401~CAS*CO*45*781*1~REF*6R*CX153671X67661.002~AMT*B6*719~SVC*NU:0912*1500*719**1**0~DTM*472*20260402~CAS*CO*45*781*1~REF*6R*CX153671X67662.001~AMT*B6*719~SVC*NU:0912*1500*719**1**0~DTM*472*20260403~CAS*CO*45*781*1~REF*6R*CX153671X67663.003~AMT*B6*719~CLP*CX154381X1*1*6000*2876**ZZ*2026112050218*13*3~NM1*QC*1*WINIKOFF*SARAH****MI*2068145500~NM1*IL*1*WINIKOFF*STEPHEN****MI*2068145500~REF*CE*902022431~DTM*232*20260413~DTM*233*20260417~DTM*050*20260618~PER*CX**TE*4408353511~AMT*AU*2876~SVC*NU:0912*1500*719**1**0~DTM*472*20260413~CAS*CO*45*781*1~REF*6R*CX154381X67673.004~AMT*B6*719~SVC*NU:0912*1500*719**1**0~DTM*472*20260415~CAS*CO*45*781*1~REF*6R*CX154381X67675.003~AMT*B6*719~SVC*NU:0912*1500*719**1**0~DTM*472*20260416~CAS*CO*45*781*1~REF*6R*CX154381X67676.002~AMT*B6*719~SVC*NU:0912*1500*719**1**0~DTM*472*20260417~CAS*CO*45*781*1~REF*6R*CX154381X67677.002~AMT*B6*719~CLP*CX154612X1*1*1500*719**ZZ*2026117109139*13*4~NM1*QC*1*WINIKOFF*SARAH****MI*2068145500~NM1*IL*1*WINIKOFF*STEPHEN****MI*2068145500~REF*CE*902022431~DTM*232*20260420~DTM*050*20260618~PER*CX**TE*4408353511~AMT*AU*719~SVC*NU:0912*1500*719**1**0~DTM*472*20260420~CAS*CO*45*781*1~REF*6R*CX154612X67680.002~AMT*B6*719~CLP*CX154613X1*1*1500*784**ZZ*2026117109161*13*2~NM1*QC*1*WINIKOFF*SARAH****MI*2068145500~NM1*IL*1*WINIKOFF*STEPHEN****MI*2068145500~REF*CE*902022431~DTM*232*20260423~DTM*233*20260424~DTM*050*20260618~PER*CX**TE*4408353511~AMT*AU*784~SVC*NU:0905*750*392**1**0~DTM*472*20260423~CAS*CO*45*358*1~REF*6R*CX154613X67683.001~AMT*B6*392~SVC*NU:0905*750*392**1**0~DTM*472*20260424~CAS*CO*45*358*1~REF*6R*CX154613X67684.001~AMT*B6*392~CLP*CX154855X1*1*2250*1176**ZZ*2026126039391*13*3~NM1*QC*1*WINIKOFF*SARAH****MI*2068145500~NM1*IL*1*WINIKOFF*STEPHEN****MI*2068145500~REF*CE*902022431~DTM*232*20260428~DTM*233*20260501~DTM*050*20260618~PER*CX**TE*4408353511~AMT*AU*1176~SVC*NU:0905*750*392**1**0~DTM*472*20260428~CAS*CO*45*358*1~REF*6R*CX154855X67688.002~AMT*B6*392~SVC*NU:0905*750*392**1**0~DTM*472*20260429~CAS*CO*45*358*1~REF*6R*CX154855X67689.003~AMT*B6*392~SVC*NU:0905*750*392**1**0~DTM*472*20260501~CAS*CO*45*358*1~REF*6R*CX154855X67691.002~AMT*B6*392~CLP*CX155567X1*1*2250*1176**ZZ*2026140097209*13*3~NM1*QC*1*WINIKOFF*SARAH****MI*2068145500~NM1*IL*1*WINIKOFF*STEPHEN****MI*2068145500~REF*CE*902022431~DTM*232*20260512~DTM*233*20260515~DTM*050*20260618~PER*CX**TE*4408353511~AMT*AU*1176~SVC*NU:0905*750*392**1**0~DTM*472*20260512~CAS*CO*45*358*1~REF*6R*CX155567X67702.002~AMT*B6*392~SVC*NU:0905*750*392**1**0~DTM*472*20260513~CAS*CO*45*358*1~REF*6R*CX155567X67703.002~AMT*B6*392~SVC*NU:0905*750*392**1**0~DTM*472*20260515~CAS*CO*45*358*1~REF*6R*CX155567X67705.001~AMT*B6*392~CLP*CX155310X1*1*1500*784**ZZ*2026145008484*13*3~NM1*QC*1*WINIKOFF*SARAH****MI*2068145500~NM1*IL*1*WINIKOFF*STEPHEN****MI*2068145500~REF*CE*902022431~DTM*232*20260507~DTM*233*20260508~DTM*050*20260618~PER*CX**TE*4408353511~AMT*AU*784~SVC*NU:0905*750*392**1**0~DTM*472*20260507~CAS*CO*45*358*1~REF*6R*CX155310X67697.001~AMT*B6*392~SVC*NU:0905*750*392**1**0~DTM*472*20260508~CAS*CO*45*358*1~REF*6R*CX155310X67698.002~AMT*B6*392~CLP*CX155289X2*1*6000*2876**ZZ*2026145008499*13*2~NM1*QC*1*FIGUEROA*STACY****MI*2067470600~NM1*IL*1*FIGUEROA*CAITY*J***MI*2067470600~REF*CE*902022431~DTM*232*20260504~DTM*233*20260507~DTM*050*20260618~PER*CX**TE*4408353511~AMT*AU*2876~SVC*NU:0912*1500*719**1**0~DTM*472*20260504~CAS*CO*45*781*1~REF*6R*CX155289X67694.003~AMT*B6*719~SVC*NU:0912*1500*719**1**0~DTM*472*20260505~CAS*CO*45*781*1~REF*6R*CX155289X67695.001~AMT*B6*719~SVC*NU:0912*1500*719**1**0~DTM*472*20260506~CAS*CO*45*781*1~REF*6R*CX155289X67696.001~AMT*B6*719~SVC*NU:0912*1500*719**1**0~DTM*472*20260507~CAS*CO*45*781*1~REF*6R*CX155289X67697.001~AMT*B6*719~CLP*CX155545X2*1*7500*3595**ZZ*2026145008508*13*3~NM1*QC*1*FIGUEROA*STACY****MI*2067470600~NM1*IL*1*FIGUEROA*CAITY*J***MI*2067470600~REF*CE*902022431~DTM*232*20260511~DTM*233*20260515~DTM*050*20260618~PER*CX**TE*4408353511~AMT*AU*3595~SVC*NU:0912*1500*719**1**0~DTM*472*20260511~CAS*CO*45*781*1~REF*6R*CX155545X67701.002~AMT*B6*719~SVC*NU:0912*1500*719**1**0~DTM*472*20260512~CAS*CO*45*781*1~REF*6R*CX155545X67702.001~AMT*B6*719~SVC*NU:0912*1500*719**1**0~DTM*472*20260513~CAS*CO*45*781*1~REF*6R*CX155545X67703.002~AMT*B6*719~SVC*NU:0912*1500*719**1**0~DTM*472*20260514~CAS*CO*45*781*1~REF*6R*CX155545X67704.001~AMT*B6*719~SVC*NU:0912*1500*719**1**0~DTM*472*20260515~CAS*CO*45*781*1~REF*6R*CX155545X67705.001~AMT*B6*719~CLP*CX155793X1*1*2250*1176**ZZ*2026147041910*13*3~NM1*QC*1*WINIKOFF*SARAH****MI*2068145500~NM1*IL*1*WINIKOFF*STEPHEN****MI*2068145500~REF*CE*902022431~DTM*232*20260519~DTM*233*20260522~DTM*050*20260618~PER*CX**TE*4408353511~AMT*AU*1176~SVC*NU:0905*750*392**1**0~DTM*472*20260519~CAS*CO*45*358*1~REF*6R*CX155793X67709.002~AMT*B6*392~SVC*NU:0905*750*392**1**0~DTM*472*20260520~CAS*CO*45*358*1~REF*6R*CX155793X67710.003~AMT*B6*392~SVC*NU:0905*750*392**1**0~DTM*472*20260522~CAS*CO*45*358*1~REF*6R*CX155793X67712.003~AMT*B6*392~CLP*CX156018X1*1*2250*1176**ZZ*2026154049849*13*3~NM1*QC*1*WINIKOFF*SARAH****MI*2068145500~NM1*IL*1*WINIKOFF*STEPHEN****MI*2068145500~REF*CE*902022431~DTM*232*20260526~DTM*233*20260529~DTM*050*20260618~PER*CX**TE*4408353511~AMT*AU*1176~SVC*NU:0905*750*392**1**0~DTM*472*20260526~CAS*CO*45*358*1~REF*6R*CX156018X67716.001~AMT*B6*392~SVC*NU:0905*750*392**1**0~DTM*472*20260527~CAS*CO*45*358*1~REF*6R*CX156018X67717.002~AMT*B6*392~SVC*NU:0905*750*392**1**0~DTM*472*20260529~CAS*CO*45*358*1~REF*6R*CX156018X67719.001~AMT*B6*392~CLP*CX155771X1*1*6000*2876**ZZ*2026155048522*13*3~NM1*QC*1*FIGUEROA*STACY****MI*2067470600~NM1*IL*1*FIGUEROA*CAITY*J***MI*2067470600~REF*CE*902022431~DTM*232*20260519~DTM*233*20260522~DTM*050*20260618~PER*CX**TE*4408353511~AMT*AU*2876~SVC*NU:0912*1500*719**1**0~DTM*472*20260519~CAS*CO*45*781*1~REF*6R*CX155771X67709.001~AMT*B6*719~SVC*NU:0912*1500*719**1**0~DTM*472*20260520~CAS*CO*45*781*1~REF*6R*CX155771X67710.002~AMT*B6*719~SVC*NU:0912*1500*719**1**0~DTM*472*20260521~CAS*CO*45*781*1~REF*6R*CX155771X67711.001~AMT*B6*719~SVC*NU:0912*1500*719**1**0~DTM*472*20260522~CAS*CO*45*781*1~REF*6R*CX155771X67712.001~AMT*B6*719~CLP*CX155999X1*1*1500*719**ZZ*2026155073157*13*4~NM1*QC*1*FIGUEROA*STACY****MI*2067470600~NM1*IL*1*FIGUEROA*CAITY*J***MI*2067470600~REF*CE*902022431~DTM*232*20260526~DTM*050*20260618~PER*CX**TE*4408353511~AMT*AU*719~SVC*NU:0912*1500*719**1**0~DTM*472*20260526~CAS*CO*45*781*1~REF*6R*CX155999X67716.001~AMT*B6*719~CLP*CX156442X1*1*2250*1176**ZZ*2026161053862*13*4~NM1*QC*1*WINIKOFF*SARAH****MI*2068145500~NM1*IL*1*WINIKOFF*STEPHEN****MI*2068145500~REF*CE*902022431~DTM*232*20260602~DTM*233*20260605~DTM*050*20260618~PER*CX**TE*4408353511~AMT*AU*1176~SVC*NU:0905*750*392**1**0~DTM*472*20260602~CAS*CO*45*358*1~REF*6R*CX156442X67723.001~AMT*B6*392~SVC*NU:0905*750*392**1**0~DTM*472*20260603~CAS*CO*45*358*1~REF*6R*CX156442X67724.002~AMT*B6*392~SVC*NU:0905*750*392**1**0~DTM*472*20260605~CAS*CO*45*358*1~REF*6R*CX156442X67726.001~AMT*B6*392~CLP*CX156382X2*1*21000*8952.3*994.7*ZZ*2026163045933*11*3~NM1*QC*1*LAMPMAN*ALEXIS****MI*1249585000~NM1*IL*1*JOHNSON*STACEY****MI*1249585000~REF*CE*901985177~DTM*232*20260601~DTM*233*20260607~DTM*050*20260618~PER*CX**TE*4408353511~AMT*AU*9947~SVC*NU:1001*3000*1278.9**1**0~DTM*472*20260601~CAS*CO*45*1579*1~CAS*PR*2*142.1*1~REF*6R*CX156382X67722.002~AMT*B6*1421~SVC*NU:1001*3000*1278.9**1**0~DTM*472*20260602~CAS*CO*45*1579*1~CAS*PR*2*142.1*1~REF*6R*CX156382X67723.002~AMT*B6*1421~SVC*NU:1001*3000*1278.9**1**0~DTM*472*20260603~CAS*CO*45*1579*1~CAS*PR*2*142.1*1~REF*6R*CX156382X67724.001~AMT*B6*1421~SVC*NU:1001*3000*1278.9**1**0~DTM*472*20260604~CAS*CO*45*1579*1~CAS*PR*2*142.1*1~REF*6R*CX156382X67725.001~AMT*B6*1421~SVC*NU:1001*3000*1278.9**1**0~DTM*472*20260605~CAS*CO*45*1579*1~CAS*PR*2*142.1*1~REF*6R*CX156382X67726.002~AMT*B6*1421~SVC*NU:1001*3000*1278.9**1**0~DTM*472*20260606~CAS*CO*45*1579*1~CAS*PR*2*142.1*1~REF*6R*CX156382X67727.003~AMT*B6*1421~SVC*NU:1001*3000*1278.9**1**0~DTM*472*20260607~CAS*CO*45*1579*1~CAS*PR*2*142.1*1~REF*6R*CX156382X67728.003~AMT*B6*1421~CLP*CX156381X1*1*21000*8682.3*1264.7*ZZ*2026163045934*11*2~NM1*QC*1*FIGUEROA*STACY****MI*2067470600~NM1*IL*1*FIGUEROA*CAITY*J***MI*2067470600~REF*CE*902022431~DTM*232*20260601~DTM*233*20260607~DTM*050*20260618~PER*CX**TE*4408353511~AMT*AU*9947~SVC*NU:1001*3000*1008.9**1**0~DTM*472*20260601~CAS*CO*45*1579*1~CAS*PR*2*112.1*1*1*300*1~REF*6R*CX156381X67722.003~AMT*B6*1421~SVC*NU:1001*3000*1278.9**1**0~DTM*472*20260602~CAS*CO*45*1579*1~CAS*PR*2*142.1*1~REF*6R*CX156381X67723.002~AMT*B6*1421~SVC*NU:1001*3000*1278.9**1**0~DTM*472*20260603~CAS*CO*45*1579*1~CAS*PR*2*142.1*1~REF*6R*CX156381X67724.002~AMT*B6*1421~SVC*NU:1001*3000*1278.9**1**0~DTM*472*20260604~CAS*CO*45*1579*1~CAS*PR*2*142.1*1~REF*6R*CX156381X67725.003~AMT*B6*1421~SVC*NU:1001*3000*1278.9**1**0~DTM*472*20260605~CAS*CO*45*1579*1~CAS*PR*2*142.1*1~REF*6R*CX156381X67726.004~AMT*B6*1421~SVC*NU:1001*3000*1278.9**1**0~DTM*472*20260606~CAS*CO*45*1579*1~CAS*PR*2*142.1*1~REF*6R*CX156381X67727.001~AMT*B6*1421~SVC*NU:1001*3000*1278.9**1**0~DTM*472*20260607~CAS*CO*45*1579*1~CAS*PR*2*142.1*1~REF*6R*CX156381X67728.003~AMT*B6*1421~SE*612*000000001~GE*1*409807012~IEA*1*409807012~