ISA*00*          *00*          *ZZ*CHC            *ZZ*00962249       *260714*1753*^*00501*115006357*0*P*:~GS*HP*CHC*00962249*20260714*17534500*115006357*X*005010X221A1~ST*835*000000001~BPR*I*6363.18*C*ACH*CCP*01*043000096*DA*1029051682*1411289245*000087726*01*121000248*DA*4122170038*20260714~TRN*1*XD00313109*1411289245*000087726~REF*EV*B00099999800~REF*F2*1083~DTM*405*20260714~N1*PR*UNITED HEALTHCARE INSURANCE COMPANY~N3*GREENBORO SERVICE CENTER*PO BOX 740800~N4*ATLANTA*GA*303740800~REF*2U*87726~PER*CX*GREENBORO SERVICE CENTER*TE*8778423210~PER*BL*UNKNOWN*UR*UHCPROVIDER.COM/EN/CONTACT-US.HTML~N1*PE*RENFREW CENTERS INC*XX*1912008137~N3*PO BOX 713700~N4*PHILADELPHIA*PA*19171~REF*TJ*200995125~LX*1~TS3*1912008137*11*20261231*1*21000~CLP*CX157202X1*1*21000*6363.18*1364.82*13*FV62213497 0113649177*11*3**883~NM1*QC*1*MOSKOWITZ*FRIEDA~NM1*IL*1*MOSKOWITZ*DANIEL****MI*941897799~REF*EA*IDX135037X4~REF*G1*IY3QCC-01~REF*BB*IY3QCC01~REF*1L*943692~REF*CE*CHOYC+~DTM*232*20260622~DTM*233*20260628~DTM*050*20260701~AMT*AU*21000~SVC*NU:1001*3000*5459.28**1~DTM*150*20260622~DTM*151*20260628~CAS*OA*94*-3824.1~CAS*PR*2*1364.82~REF*6R*CX157202X67743.002~AMT*B6*6824.1~SVC*NU:1001*3000*0**1~DTM*150*20260622~DTM*151*20260628~CAS*CO*97*3000~REF*6R*CX157202X67744.003~SVC*NU:1001*3000*0**1~DTM*150*20260622~DTM*151*20260628~CAS*CO*97*3000~REF*6R*CX157202X67745.002~SVC*NU:1001*3000*0**1~DTM*150*20260622~DTM*151*20260628~CAS*CO*97*3000~REF*6R*CX157202X67746.002~SVC*NU:1001*3000*0**1~DTM*150*20260622~DTM*151*20260628~CAS*CO*97*3000~REF*6R*CX157202X67747.001~SVC*NU:1001*3000*0**1~DTM*150*20260622~DTM*151*20260628~CAS*CO*97*3000~REF*6R*CX157202X67748.001~SVC*NU:1001*3000*903.9**1~DTM*150*20260622~DTM*151*20260628~CAS*CO*97*2096.1~REF*6R*CX157202X67749.001~AMT*B6*903.9~SE*69*000000001~GE*1*115006357~IEA*1*115006357~