ISA*00*          *00*          *ZZ*CHC            *ZZ*00962249       *260701*0821*^*00501*942009069*0*P*:~GS*HP*CHC*00962249*20260701*08212300*942009069*X*005010X221A1~ST*835*000000001~BPR*I*3555*C*CHK************20260625~TRN*1*964977420*1411648670~REF*EV*133052274~REF*F2*PM~DTM*405*20260701~N1*PR*EVERNORTH BEHAVIORAL HEALTH, INC.~N3*P.O. BOX 182223~N4*CHATTANOOGA*TN*374227223~REF*2U*62308~PER*BL*EDI HELP DESK*TE*8008103388~N1*PE*RENFREW CTR OF NRTH CRLN*XX*1841497518~N3*PO BOX 713700~N4*PHILADELPHIA*PA*191713700~REF*TJ*205508748~LX*1~TS3*1841497518*13*20261231*1*7500~CLP*CX157099X1*1*7500*3555**13*7682617694692*13*3~NM1*QC*1*BEAVER*MARY****MI*U4620017603~NM1*IL*1*BEAVER*LINDA****MI*U4620017601~REF*1L*3329668~REF*CE*OPEN ACCESS PLUS~REF*EA*IDX136289X3~REF*G1*NO AUTHORIZATION REQUIRED~DTM*050*20260625~DTM*232*20260615~DTM*233*20260619~PER*CX*MEMBER SERVICES*TE*8002446224~AMT*AU*3555~SVC*HC:H0035*1500*711*0912*1~DTM*150*20260615~DTM*151*20260615~CAS*CO*45*789~REF*6R*CX157099X67736.002~AMT*B6*711~SVC*HC:H0035*1500*711*0912*1~DTM*150*20260616~DTM*151*20260616~CAS*CO*45*789~REF*6R*CX157099X67737.001~AMT*B6*711~SVC*HC:H0035*1500*711*0912*1~DTM*150*20260617~DTM*151*20260617~CAS*CO*45*789~REF*6R*CX157099X67738.003~AMT*B6*711~SVC*HC:H0035*1500*711*0912*1~DTM*150*20260618~DTM*151*20260618~CAS*CO*45*789~REF*6R*CX157099X67739.001~AMT*B6*711~SVC*HC:H0035*1500*711*0912*1~DTM*150*20260619~DTM*151*20260619~CAS*CO*45*789~REF*6R*CX157099X67740.004~AMT*B6*711~SE*60*000000001~GE*1*942009069~IEA*1*942009069~