ISA*00*          *00*          *ZZ*CHC            *ZZ*00962249       *260714*1220*^*00501*104205217*0*P*:~GS*HP*CHC*00962249*20260714*12200100*104205217*X*005010X221A1~ST*835*000000001~BPR*I*7847*C*CHK******9999999999*999999999*****20260715~TRN*1*VP3639618789*1391995276*CREDITCAR~REF*EV*841162789~DTM*405*20260710~N1*PR*UHC SUREST~N3*UNITEDHEALTHCARE SHARED SERVICES~N4*SALT LAKE CITY*UT*841300783~REF*2U*39026~PER*CX*UMR EDI TEAM*TE*8443686661~PER*BL*UMR EDI TEAM*EM*UMR-EDI-IT-TEAM DL@DS.UHC.COM~N1*PE*THE RENFREW CENTERS OF PENNSYLVANIA*XX*1417971904~N3*PO BOX 713700~N4*PHILADELPHIA*PA*19171~REF*TJ*200994813~LX*1~CLP*CX156877X1*1*21000*7847**12*26176190795*11*3~NM1*QC*1*HARSANYI*ERIKA****MI*771901776021~NM1*82*1*NEWELL*JESSICA****XX*1972188654~REF*1L*78800158~AMT*AU*21000~SVC*NU:1001*3000*1121~DTM*150*20260615~DTM*151*20260621~CAS*CO*45*1879~REF*6R*CX156877X67736.003~AMT*B6*1121~SVC*NU:1001*3000*1121~DTM*150*20260615~DTM*151*20260621~CAS*CO*45*1879~REF*6R*CX156877X67737.004~AMT*B6*1121~SVC*NU:1001*3000*1121~DTM*150*20260615~DTM*151*20260621~CAS*CO*45*1879~REF*6R*CX156877X67738.003~AMT*B6*1121~SVC*NU:1001*3000*1121~DTM*150*20260615~DTM*151*20260621~CAS*CO*45*1879~REF*6R*CX156877X67739.005~AMT*B6*1121~SVC*NU:1001*3000*1121~DTM*150*20260615~DTM*151*20260621~CAS*CO*45*1879~REF*6R*CX156877X67740.003~AMT*B6*1121~SVC*NU:1001*3000*1121~DTM*150*20260615~DTM*151*20260621~CAS*CO*45*1879~REF*6R*CX156877X67741.001~AMT*B6*1121~SVC*NU:1001*3000*1121~DTM*150*20260615~DTM*151*20260621~CAS*CO*45*1879~REF*6R*CX156877X67742.001~AMT*B6*1121~SE*64*000000001~GE*1*104205217~IEA*1*104205217~