ISA*00*          *00*          *ZZ*CHC            *ZZ*00962249       *260709*0357*^*00501*615807409*0*P*:~GS*HP*CHC*00962249*20260709*03574300*615807409*X*005010X221A1~ST*835*000000001~BPR*I*3278.37*C*ACH*CCP*01*124384877*DA*720000932*1411289245*000087726*01*121000248*DA*4122170038*20260713~TRN*1*56243086*1411289245*000087726~REF*EV*BFT220003440~REF*F2*1284~DTM*405*20260708~N1*PR*UNITED HEALTHCARE INSURANCE COMPANY~N3*4 RESEARCH DRIVE~N4*SHELTON*CT*064846282~REF*2U*87726~PER*CX*PROVIDER ESOLUTIONS*TE*8778423210~PER*BL*OPERATIONS*TE*8662740906~N1*PE*THE RENFREW CENTER OF MARYLAND LLC*XX*1093940405~N3*PO BOX 823700~N4*PHILADELPHIA*PA*19182~REF*TJ*264628647~LX*1~TS3*P4306352*01*20261231*2*0~CLP*CX143660X2*22*-7500*0**HM*FF19460919*01*3~NM1*QC*1*ROCK*PARKER~NM1*IL*1*ROCK*EDWIN****MI*61737039104~NM1*74*1**PARKER~REF*CE*OPTUM HEALTH BEHAVIORAL SERVICES  OHBS~DTM*232*20250721~DTM*233*20250725~SVC*HC:H0035*-1500*0*0912*0**-1~DTM*472*20250721~CAS*CO*45*-1500~REF*6R*CX143660X67407.002~SVC*HC:H0035*-1500*0*0912*0**-1~DTM*472*20250722~CAS*CO*45*-1500~REF*6R*CX143660X67408.001~SVC*HC:H0035*-1500*0*0912*0**-1~DTM*472*20250723~CAS*CO*45*-1500~REF*6R*CX143660X67409.001~SVC*HC:H0035*-1500*0*0912*0**-1~DTM*472*20250724~CAS*CO*45*-1500~REF*6R*CX143660X67410.001~SVC*HC:H0035*-1500*0*0912*0**-1~DTM*472*20250725~CAS*CO*45*-1500~REF*6R*CX143660X67411.003~CLP*CX143660X2*1*7500*2840**HM*FF19460919*01*3~NM1*QC*1*ROCK*PARKER~NM1*IL*1*ROCK*EDWIN****MI*61737039104~NM1*74*1**PARKER~REF*CE*OPTUM HEALTH BEHAVIORAL SERVICES  OHBS~DTM*232*20250721~DTM*233*20250725~AMT*I*438.37~AMT*AU*2840~SVC*HC:H0035*1500*568*0912*0~DTM*472*20250721~CAS*CO*45*932~REF*6R*CX143660X67407.002~AMT*B6*568~SVC*HC:H0035*1500*568*0912*0~DTM*472*20250722~CAS*CO*45*932~REF*6R*CX143660X67408.001~AMT*B6*568~SVC*HC:H0035*1500*568*0912*0~DTM*472*20250723~CAS*CO*45*932~REF*6R*CX143660X67409.001~AMT*B6*568~SVC*HC:H0035*1500*568*0912*0~DTM*472*20250724~CAS*CO*45*932~REF*6R*CX143660X67410.001~AMT*B6*568~SVC*HC:H0035*1500*568*0912*0~DTM*472*20250725~CAS*CO*45*932~REF*6R*CX143660X67411.003~AMT*B6*568~PLB*1093940405*20261231*L6*-438.37~SE*81*000000001~GE*1*615807409~IEA*1*615807409~