ISA*00*          *00*          *ZZ*CHC            *ZZ*00962249       *260617*0612*^*00501*733606004*0*P*:~GS*HP*CHC*00962249*20260617*06120800*733606004*X*005010X221A1~ST*835*000000001~BPR*I*3644.55*C*ACH*CCP*01*011900445*DA*0000009046*1066033492**01*121000248*DA*4122170038*20260623~TRN*1*826168000261755*1066033492~REF*EV*133052274~DTM*405*20260617~N1*PR*AETNA~N3*151 FARMINGTON AVENUE~N4*HARTFORD*CT*06156~REF*2U*60054~PER*BL*PROVIDER SERVICE~N1*PE*THE RENFREW CENTER OF FLORIDA, LLC*XX*1912008137~N3*PO BOX 713700~N4*PHILADELPHIA*PA*191713700~REF*PQ*417044550~REF*TJ*200995125~LX*1~TS3*1912008137*22*20261231*2*10500~CLP*CX156455X2*1*7500*2647.75*467.25*13*EFPDXBZ7K0000*13*3~NM1*QC*1*MORGAN*ERIN~NM1*IL*1*MORGAN*JEFFREY****MI*W23277229~NM1*74*1******C*W232772299~NM1*82*2*THE RENFREW CENTER OF ORLANDO, LLC*****XX*1912008137~REF*G1*074688752~REF*1L*0818717-037-00006-VB~REF*CE*AETNA CHOICE  POS II NET 00449~DTM*232*20260601~DTM*233*20260605~DTM*050*20260609~PER*CX**TE*8886323862~AMT*AU*7500~SVC*HC:H0035*1500*529.55*0912*1~DTM*472*20260601~CAS*CO*45*877~CAS*PR*2*93.45~REF*6R*CX156455X67722.003~AMT*B6*623~SVC*HC:H0035*1500*529.55*0912*1~DTM*472*20260602~CAS*CO*45*877~CAS*PR*2*93.45~REF*6R*CX156455X67723.002~AMT*B6*623~SVC*HC:H0035*1500*529.55*0912*1~DTM*472*20260603~CAS*CO*45*877~CAS*PR*2*93.45~REF*6R*CX156455X67724.003~AMT*B6*623~SVC*HC:H0035*1500*529.55*0912*1~DTM*472*20260604~CAS*CO*45*877~CAS*PR*2*93.45~REF*6R*CX156455X67725.001~AMT*B6*623~SVC*HC:H0035*1500*529.55*0912*1~DTM*472*20260605~CAS*CO*45*877~CAS*PR*2*93.45~REF*6R*CX156455X67726.004~AMT*B6*623~CLP*CX156457X4*1*3000*996.8*249.2*13*EG37W6JCG0000*13*2~NM1*QC*1*FERRARO*KIRBY~NM1*IL*1*FERRARO*LAURA****MI*W291575426~NM1*82*2*THE RENFREW CENTER OF ORLANDO, LLC*****XX*1912008137~REF*G1*074935228~REF*1L*0868849-010-00001- E~REF*CE*AETNA CHOICE  POS II NET 00449~DTM*232*20260603~DTM*233*20260605~DTM*050*20260609~PER*CX**TE*8886323862~AMT*AU*3000~SVC*HC:H0035*1500*498.4*0912*1~DTM*472*20260603~CAS*CO*45*877~CAS*PR*2*124.6~REF*6R*CX156457X67724.002~AMT*B6*623~SVC*HC:H0035*1500*498.4*0912*1~DTM*472*20260605~CAS*CO*45*877~CAS*PR*2*124.6~REF*6R*CX156457X67726.005~AMT*B6*623~LX*2~TS3*1912008137*55*20261231*1*21000~CLP*CX156446X1*1*21000*0**13*EGADW964P0000*11*3~NM1*QC*1*SMITH*ITALIA~NM1*IL*1*WOOLEN*BEATRICE****MI*W280587452~REF*G1*074550292~REF*1L*0865341-016-00611- A~REF*CE*AETNA CHOICE  POS II NET 00397~DTM*232*20260601~DTM*233*20260607~DTM*050*20260609~PER*CX**TE*8886323862~SVC*NU:0124*3000*0**0*NU:1001*1~DTM*472*20260601~CAS*CO*97*3000*1~REF*6R*CX156446X67722.001~LQ*HE*N19~SVC*NU:0124*3000*0**0*NU:1001*1~DTM*472*20260602~CAS*CO*97*3000*1~REF*6R*CX156446X67723.003~LQ*HE*N19~SVC*NU:0124*3000*0**0*NU:1001*1~DTM*472*20260603~CAS*CO*97*3000*1~REF*6R*CX156446X67724.003~LQ*HE*N19~SVC*NU:0124*3000*0**0*NU:1001*1~DTM*472*20260604~CAS*CO*97*3000*1~REF*6R*CX156446X67725.002~LQ*HE*N19~SVC*NU:0124*3000*0**0*NU:1001*1~DTM*472*20260605~CAS*CO*97*3000*1~REF*6R*CX156446X67726.002~LQ*HE*N19~SVC*NU:0124*3000*0**0*NU:1001*1~DTM*472*20260606~CAS*CO*97*3000*1~REF*6R*CX156446X67727.002~LQ*HE*N19~SVC*NU:0124*3000*0**0*NU:1001*1~DTM*472*20260607~CAS*CO*97*3000*1~REF*6R*CX156446X67728.001~LQ*HE*N19~SE*132*000000001~GE*1*733606004~IEA*1*733606004~