ISA*00*          *00*          *ZZ*CHC            *ZZ*00962249       *260629*1727*^*00501*787806761*0*P*:~GS*HP*CHC*00962249*20260629*17271200*787806761*X*005010X221A1~ST*835*000000001~BPR*I*114316.69*C*ACH*CCP*01*043301627*DA*1069954659C*1341858379**01*121000248*DA*4122170038*20260701~TRN*1*1252496218*1341858379~DTM*405*20260629~N1*PR*INDEPENDENCE BLUE CROSS, LLC~N3*1901 MARKET STREET~N4*PHILADELPHIA*PA*19103~REF*2U*SX055~PER*CX*EDI SUPPORT TEAM*FX*4408355656*TE*4408353511~PER*BL*EDI SUPPORT TEAM~N1*PE*PA THE RENFREW CENTERS*XX*1417971904~N3*PO BOX 823700~N4*PHILADELPHIA*PA*19182~REF*TJ*200994813~LX*1~CLP*CX153403X1*22*-1500*0**HM*20260401507560*13*7~NM1*QC*1*LANGMAN*ANNA****MI*YWT80242702100~REF*CE*3543211~DTM*232*20260323~DTM*050*20260626~PER*CX**TE*4408353511~SVC*HC:H0035*-1500*0*0912*1**0~DTM*472*20260323~CAS*OA*94*-1500*1~REF*6R*CX153403X67652.001~LQ*HE*N50~CLP*CX153403X1*1*1500*719**HM*20260401507560*13*7~NM1*QC*1*LANGMAN*ANNA****MI*YWT80242702100~REF*CE*3543211~DTM*232*20260323~DTM*050*20260626~PER*CX**TE*4408353511~AMT*AU*719~SVC*HC:H0035*1500*719*0912*1**0~DTM*472*20260323~CAS*CO*45*781*1~REF*6R*CX153403X67652.001~AMT*B6*719~CLP*CX154780X4*22*-159000*0**HM*20260520567272*11*7~NM1*QC*1*HELLQUIST*NOEL****MI*WZA989W25596~REF*CE*3543211~DTM*232*20260309~DTM*233*20260430~DTM*050*20260626~PER*CX**TE*4408353511~SVC*NU:1001*-159000*0**53**0~DTM*150*20260309~DTM*151*20260430~CAS*OA*94*-159000*1~REF*6R*CX154780X67638.004~CLP*CX154780X4*1*159000*73268.45*2044.55*HM*20260520567272*11*7~NM1*QC*1*HELLQUIST*NOEL****MI*WZA989W25596~REF*CE*3543211~DTM*232*20260309~DTM*233*20260430~DTM*050*20260626~PER*CX**TE*4408353511~AMT*AU*75313~SVC*NU:1001*159000*73268.45**53**0~DTM*150*20260309~DTM*151*20260430~CAS*CO*45*83687*1~CAS*PR*2*2044.55*1~REF*6R*CX154780X67638.004~AMT*B6*75313~CLP*CX155960X1*1*99000*23446.5*23446.5*HM*20260602578614*11*1~NM1*QC*1*KELLY*MIRIAM****MI*VKE1043825BL~REF*CE*3543211~DTM*232*20260423~DTM*233*20260525~DTM*050*20260626~PER*CX**TE*4408353511~AMT*AU*23446.5~SVC*NU:1001*99000*23446.5**33**0~DTM*150*20260423~DTM*151*20260525~CAS*CO*45*52107*1~CAS*PR*96*23446.5*1~REF*6R*CX155960X67683.003~AMT*B6*46893~LQ*HE*N130~LQ*HE*N448~CLP*CX156409X1*1*2250*1086*90*HM*20260610581067*13*3~NM1*QC*1*DEVLIN-MOHAN*CEIRE****MI*XBU6101334400~REF*CE*3543211~DTM*232*20260603~DTM*233*20260605~DTM*050*20260626~PER*CX**TE*4408353511~AMT*AU*1176~SVC*HC:S9480*750*362*0905*1**0~DTM*472*20260603~CAS*CO*45*358*1~CAS*PR*3*30*1~REF*6R*CX156409X67724.001~AMT*B6*392~SVC*HC:S9480*750*362*0905*1**0~DTM*472*20260604~CAS*CO*45*358*1~CAS*PR*3*30*1~REF*6R*CX156409X67725.001~AMT*B6*392~SVC*HC:S9480*750*362*0905*1**0~DTM*472*20260605~CAS*CO*45*358*1~CAS*PR*3*30*1~REF*6R*CX156409X67726.002~AMT*B6*392~CLP*CX156412X2*1*2250*1116*60*HM*20260610598011*13*3~NM1*QC*1*LOWENBERG*SOFIA****MI*XZJ6111986300~REF*CE*3543211~DTM*232*20260601~DTM*233*20260605~DTM*050*20260626~PER*CX**TE*4408353511~AMT*AU*1176~SVC*HC:S9480*750*372*0905*1**0~DTM*472*20260601~CAS*CO*45*358*1~CAS*PR*3*20*1~REF*6R*CX156412X67722.003~AMT*B6*392~SVC*HC:S9480*750*372*0905*1**0~DTM*472*20260604~CAS*CO*45*358*1~CAS*PR*3*20*1~REF*6R*CX156412X67725.002~AMT*B6*392~SVC*HC:S9480*750*372*0905*1**0~DTM*472*20260605~CAS*CO*45*358*1~CAS*PR*3*20*1~REF*6R*CX156412X67726.003~AMT*B6*392~CLP*CX156418X6*4*6000*0**HM*20260610598020*13*3~NM1*QC*1*FOOSE*BRITTANY****MI*QBU8173152500~REF*CE*3543211~DTM*232*20260601~DTM*233*20260605~DTM*050*20260626~PER*CX**TE*4408353511~SVC*HC:H0035*1500*0*0912*1**0~DTM*472*20260601~CAS*CO*39*1500*1~REF*6R*CX156418X67722.002~SVC*HC:H0035*1500*0*0912*1**0~DTM*472*20260602~CAS*CO*39*1500*1~REF*6R*CX156418X67723.001~SVC*HC:H0035*1500*0*0912*1**0~DTM*472*20260604~CAS*CO*39*1500*1~REF*6R*CX156418X67725.002~SVC*HC:H0035*1500*0*0912*1**0~DTM*472*20260605~CAS*CO*39*1500*1~REF*6R*CX156418X67726.001~CLP*CX156415X3*1*7500*3445*150*HM*20260610598021*13*3~NM1*QC*1*MIKULA*SAMANTHA****MI*XCA6001385100~REF*CE*3543211~DTM*232*20260601~DTM*233*20260605~DTM*050*20260626~PER*CX**TE*4408353511~AMT*AU*3595~SVC*HC:H0035*1500*689*0912*1**0~DTM*472*20260601~CAS*CO*45*781*1~CAS*PR*3*30*1~REF*6R*CX156415X67722.003~AMT*B6*719~SVC*HC:H0035*1500*689*0912*1**0~DTM*472*20260602~CAS*CO*45*781*1~CAS*PR*3*30*1~REF*6R*CX156415X67723.001~AMT*B6*719~SVC*HC:H0035*1500*689*0912*1**0~DTM*472*20260603~CAS*CO*45*781*1~CAS*PR*3*30*1~REF*6R*CX156415X67724.001~AMT*B6*719~SVC*HC:H0035*1500*689*0912*1**0~DTM*472*20260604~CAS*CO*45*781*1~CAS*PR*3*30*1~REF*6R*CX156415X67725.001~AMT*B6*719~SVC*HC:H0035*1500*689*0912*1**0~DTM*472*20260605~CAS*CO*45*781*1~CAS*PR*3*30*1~REF*6R*CX156415X67726.002~AMT*B6*719~CLP*CX156411X1*1*2250*1176**HM*20260610598025*13*3~NM1*QC*1*HOTTEL*SOPHIA****MI*XZJ6108754700~REF*CE*3543211~DTM*232*20260601~DTM*233*20260604~DTM*050*20260626~PER*CX**TE*4408353511~AMT*AU*1176~SVC*HC:S9480*750*392*0905*1**0~DTM*472*20260601~CAS*CO*45*358*1~REF*6R*CX156411X67722.003~AMT*B6*392~SVC*HC:S9480*750*392*0905*1**0~DTM*472*20260603~CAS*CO*45*358*1~REF*6R*CX156411X67724.002~AMT*B6*392~SVC*HC:S9480*750*392*0905*1**0~DTM*472*20260604~CAS*CO*45*358*1~REF*6R*CX156411X67725.001~AMT*B6*392~CLP*CX154128X1*1*2250*0**HM*20260617511599*13*4~NM1*QC*1*ALAMEREW*HELINA****MI*K2P3HZN32209030~REF*CE*3543211~DTM*232*20260406~DTM*233*20260410~DTM*050*20260626~PER*CX**TE*4408353511~SVC*HC:S9480*750*0*0905*1**0~DTM*472*20260406~CAS*CO*45*750*1~REF*6R*CX154128X67666.002~SVC*HC:S9480*750*0*0905*1**0~DTM*472*20260408~CAS*CO*45*750*1~REF*6R*CX154128X67668.001~SVC*HC:S9480*750*0*0905*1**0~DTM*472*20260410~CAS*CO*45*750*1~REF*6R*CX154128X67670.003~CLP*CX156656X6*1*15000*6384.45*805.55*HM*20260617536687*13*2~NM1*QC*1*GILLARD*CAITLYN****MI*EXQ799M91710~REF*CE*3543211~DTM*232*20260601~DTM*233*20260612~DTM*050*20260626~PER*CX**TE*4408353511~AMT*AU*7190~SVC*HC:H0035*1500*611.15*0912*1**0~DTM*472*20260601~CAS*CO*45*781*1~CAS*PR*2*107.85*1~REF*6R*CX156656X67722.002~AMT*B6*719~SVC*HC:H0035*1500*611.15*0912*1**0~DTM*472*20260602~CAS*CO*45*781*1~CAS*PR*2*107.85*1~REF*6R*CX156656X67723.002~AMT*B6*719~SVC*HC:H0035*1500*611.15*0912*1**0~DTM*472*20260603~CAS*CO*45*781*1~CAS*PR*2*107.85*1~REF*6R*CX156656X67724.002~AMT*B6*719~SVC*HC:H0035*1500*611.15*0912*1**0~DTM*472*20260604~CAS*CO*45*781*1~CAS*PR*2*107.85*1~REF*6R*CX156656X67725.001~AMT*B6*719~SVC*HC:H0035*1500*611.15*0912*1**0~DTM*472*20260605~CAS*CO*45*781*1~CAS*PR*2*107.85*1~REF*6R*CX156656X67726.002~AMT*B6*719~SVC*HC:H0035*1500*611.15*0912*1**0~DTM*472*20260608~CAS*CO*45*781*1~CAS*PR*2*107.85*1~REF*6R*CX156656X67729.001~AMT*B6*719~SVC*HC:H0035*1500*611.15*0912*1**0~DTM*472*20260609~CAS*CO*45*781*1~CAS*PR*2*107.85*1~REF*6R*CX156656X67730.001~AMT*B6*719~SVC*HC:H0035*1500*668.4*0912*1**0~DTM*472*20260610~CAS*CO*45*781*1~CAS*PR*2*50.6*1~REF*6R*CX156656X67731.002~AMT*B6*719~SVC*HC:H0035*1500*719*0912*1**0~DTM*472*20260611~CAS*CO*45*781*1~REF*6R*CX156656X67732.001~AMT*B6*719~SVC*HC:H0035*1500*719*0912*1**0~DTM*472*20260612~CAS*CO*45*781*1~REF*6R*CX156656X67733.003~AMT*B6*719~CLP*CX156651X1*1*7500*3595**HM*20260617542309*13*4~NM1*QC*1*POWELL*CARA****MI*HSG3HZN51094850~REF*CE*3543211~DTM*232*20260608~DTM*233*20260612~DTM*050*20260626~PER*CX**TE*4408353511~AMT*AU*3595~SVC*HC:H0035*1500*719*0912*1**0~DTM*472*20260608~CAS*CO*45*781*1~REF*6R*CX156651X67729.001~AMT*B6*719~SVC*HC:H0035*1500*719*0912*1**0~DTM*472*20260609~CAS*CO*45*781*1~REF*6R*CX156651X67730.001~AMT*B6*719~SVC*HC:H0035*1500*719*0912*1**0~DTM*472*20260610~CAS*CO*45*781*1~REF*6R*CX156651X67731.002~AMT*B6*719~SVC*HC:H0035*1500*719*0912*1**0~DTM*472*20260611~CAS*CO*45*781*1~REF*6R*CX156651X67732.001~AMT*B6*719~SVC*HC:H0035*1500*719*0912*1**0~DTM*472*20260612~CAS*CO*45*781*1~REF*6R*CX156651X67733.001~AMT*B6*719~CLP*CX156905X6*4*4500*0**HM*20260624529727*13*3~NM1*QC*1*RIGNEY*MARLEA****MI*SOD135333475001~REF*CE*3543211~DTM*232*20260615~DTM*233*20260619~DTM*050*20260626~PER*CX**TE*4408353511~SVC*HC:H0035*1500*0*0912*1**0~DTM*472*20260615~CAS*CO*96*1500*1~REF*6R*CX156905X67736.001~LQ*HE*N747~SVC*HC:H0035*1500*0*0912*1**0~DTM*472*20260616~CAS*CO*96*1500*1~REF*6R*CX156905X67737.001~LQ*HE*N747~SVC*HC:H0035*1500*0*0912*1**0~DTM*472*20260619~CAS*CO*96*1500*1~REF*6R*CX156905X67740.001~LQ*HE*N747~CLP*CX156874X1*4*66000*0**HM*20260624529733*11*1~NM1*QC*1*BOYLSTEIN*SARAH****MI*OVW132569562001~REF*CE*3543211~DTM*232*20260526~DTM*233*20260616~DTM*050*20260626~PER*CX**TE*4408353511~SVC*NU:1001*66000*0**22**0~DTM*150*20260526~DTM*151*20260616~CAS*CO*96*66000*1~REF*6R*CX156874X67716.004~LQ*HE*N747~PLB*1417971904*20261231*L6:PLBL6-80.2930371753*-80.29~SE*373*000000001~ST*835*000000002~BPR*I*1176*C*ACH*CCP*01*043301627*DA*1069954659C*1341858379**01*121000248*DA*4122170038*20260701~TRN*1*1252496219*1341858379~DTM*405*20260629~N1*PR*INDEPENDENCE BLUE CROSS, LLC~N3*1901 MARKET STREET~N4*PHILADELPHIA*PA*19103~REF*2U*SX055~PER*CX*EDI SUPPORT TEAM*FX*4408355656*TE*4408353511~PER*BL*EDI SUPPORT TEAM~N1*PE*PA THE RENFREW CENTERS*XX*1417971904~N3*PO BOX 823700~N4*PHILADELPHIA*PA*19182~REF*TJ*200994813~LX*1~CLP*CX156662X4*1*2250*1176**HM*20260617542302*13*3~NM1*QC*1*TURNER*CAROLINE****MI*VYW202855069~REF*CE*3529639~DTM*232*20260608~DTM*233*20260611~DTM*050*20260626~PER*CX**TE*4408353511~AMT*AU*1176~SVC*HC:S9480*750*392*0905*1**0~DTM*472*20260608~CAS*CO*45*358*1~REF*6R*CX156662X67729.001~AMT*B6*392~SVC*HC:S9480*750*392*0905*1**0~DTM*472*20260610~CAS*CO*45*358*1~REF*6R*CX156662X67731.001~AMT*B6*392~SVC*HC:S9480*750*392*0905*1**0~DTM*472*20260611~CAS*CO*45*358*1~REF*6R*CX156662X67732.002~AMT*B6*392~SE*39*000000002~GE*2*787806761~IEA*1*787806761~