ISA*00*          *00*          *ZZ*CHC            *ZZ*00962249       *260716*0852*^*00501*258406708*0*P*:~GS*HP*CHC*00962249*20260716*08520000*258406708*X*005010X221A1~ST*835*000000001~BPR*I*572*C*ACH*CCP*01*124384877*DA*720000035*1742270442*000074227*01*121000248*DA*4122170038*20260720~TRN*1*25306562*1742270442*000074227~REF*EV*BFT220003440~REF*F2*1275~DTM*405*20260716~N1*PR*STUDENT RESOURCES~N3*PO BOX 809025~N4*DALLAS*TX*753809025~REF*2U*74227~PER*CX*CUSTOMER SERVICE*TE*8007670700~PER*BL*UNKNOWN*UR*WWW.UNITEDHEALTHCAREONLINE.COM/B2C/CONTACTUS.DO~N1*PE*THE RENFREW CENTER OF PENNSYLVANIA LLC*XX*1417971904~N3*PO BOX 823700~N4*PHILADELPHIA*PA*19182~REF*TJ*200994813~LX*1~CLP*CX157195X1*1*1500*572*20*15*25182573-01-01-132~NM1*QC*1*MULLIKIN*ELLA~NM1*IL*1*MULLIKIN*ELLA****MI*9349732~REF*9A*261959909479~REF*1L*2025-203281-02~DTM*232*20260624~DTM*233*20260625~AMT*AU*592~SVC*HC:S9480*750*286**1**0~DTM*472*20260624~CAS*PR*3*10~CAS*CO*45*454~AMT*B6*296~SVC*HC:S9480*750*286**1**0~DTM*472*20260625~CAS*PR*3*10~CAS*CO*45*454~AMT*B6*296~SE*36*000000001~GE*1*258406708~IEA*1*258406708~