ISA*00*          *00*          *ZZ*CHC            *ZZ*00962249       *260605*0657*^*00501*669805461*0*P*:~GS*HP*CHC*00962249*20260605*06570500*669805461*X*005010X221A1~ST*835*000000001~BPR*I*6687*C*ACH*CCP*01*031100225*DA*2079950064280/*1220999690*999999999*01*121000248*DA*4122170038*20260603~TRN*1*0031451084*1220999690*8352026060403491681~REF*EV*1164514691~DTM*405*20260603~N1*PR*HORIZON BCBSNJ~N3*P O  BOX 420~N4*NEWARK*NJ*071010420~REF*2U*22099~PER*BL*HORIZON BCBSNJ*EM*HORIZONEDI@HORIZONBLUE.COM*TE*8883349242~N1*PE*THE RENFREW CENTER OF NEW JERS*XX*1164514691~N3*PO BOX 713700~N4*PHILADELPHIA*PA*191713700~REF*PQ*001368~REF*TJ*223704728~LX*1~CLP*CX155820X4*1*3000*0*1274*13*780202614921893   00*13*2~NM1*QC*1*SIERZEGA*TAYLOR****MI*YKS3HZN59922300~NM1*IL*1*SIERZEGA*RONALD****MI*YKS3HZN59922300~NM1*74*1******C*YKS3HZN599223000~NM1*82*2*ASHLEY  HOADLEY*****XX*1821357682~DTM*232*20260520~DTM*233*20260521~DTM*050*20260529~AMT*AU*1274~SVC*HC:H0035*1500*0*0912*1~DTM*472*20260520~CAS*PR*1*637~CAS*CO*45*863~REF*6R*CX155820X67710.002~REF*APC*00000~AMT*B6*637~SVC*HC:H0035*1500*0*0912*1~DTM*472*20260521~CAS*PR*1*637~CAS*CO*45*863~REF*6R*CX155820X67711.001~REF*APC*00000~AMT*B6*637~CLP*CX155822X2*1*2250*954**12*780202614922228   00*13*3~NM1*QC*1*BUSSEY*OLIVIA****MI*C2W3HZN76542830~NM1*IL*1*BEHRENS*DANIELLE****MI*C2W3HZN76542830~NM1*74*1******C*C2W3HZN765428300~NM1*82*2*ASHLEY  HOADLEY*****XX*1821357682~DTM*232*20260518~DTM*233*20260521~DTM*050*20260529~AMT*AU*954~AMT*T2*954~SVC*HC:S9480*750*318*0905*1~DTM*472*20260518~CAS*CO*45*432~REF*6R*CX155822X67708.001~REF*APC*00000~AMT*B6*318~SVC*HC:S9480*750*318*0905*1~DTM*472*20260520~CAS*CO*45*432~REF*6R*CX155822X67710.001~REF*APC*00000~AMT*B6*318~SVC*HC:S9480*750*318*0905*1~DTM*472*20260521~CAS*CO*45*432~REF*6R*CX155822X67711.001~REF*APC*00000~AMT*B6*318~CLP*CX155819X3*1*6000*2548**13*780202614921770   00*13*3~NM1*QC*1*BAUMANN*THERESA****MI*YHQ3HZN61712490~NM1*IL*1*BAUMANN*MATHIEU****MI*YHQ3HZN61712490~NM1*74*1******C*YHQ3HZN617124900~NM1*82*2*ASHLEY  HOADLEY*****XX*1821357682~DTM*232*20260518~DTM*233*20260521~DTM*050*20260529~PER*CX*HORIZON BLUE CROSS BLUE SHIELD OF NEW JERSEY DIRECT ACCESS*TE*8886662535~AMT*AU*2548~AMT*T2*2548~SVC*HC:H0035*1500*637*0912*1~DTM*472*20260518~CAS*CO*45*863~REF*6R*CX155819X67708.003~REF*APC*00000~AMT*B6*637~SVC*HC:H0035*1500*637*0912*1~DTM*472*20260519~CAS*CO*45*863~REF*6R*CX155819X67709.003~REF*APC*00000~AMT*B6*637~SVC*HC:H0035*1500*637*0912*1~DTM*472*20260520~CAS*CO*45*863~REF*6R*CX155819X67710.001~REF*APC*00000~AMT*B6*637~SVC*HC:H0035*1500*637*0912*1~DTM*472*20260521~CAS*CO*45*863~REF*6R*CX155819X67711.001~REF*APC*00000~AMT*B6*637~CLP*CX155825X2*1*7500*0*7500*15*780202614921820   00*13*3~NM1*QC*1*DEMCZUK*OLIVIA****MI*MJX3HZN97411020~NM1*IL*1*DEMCZUK*MELISSA****MI*MJX3HZN97411020~NM1*82*2*ASHLEY  HOADLEY*****XX*1821357682~DTM*232*20260518~DTM*233*20260522~DTM*050*20260529~PER*CX*HORIZON BLUE CROSS BLUE SHIELD OF NEW JERSEY DIRECT ACCESS*TE*8886662535~AMT*AU*3185~SVC*HC:H0035*1500*0*0912*1~DTM*472*20260518~CAS*PR*31*1500~REF*6R*CX155825X67708.002~REF*APC*00000~SVC*HC:H0035*1500*0*0912*1~DTM*472*20260519~CAS*PR*31*1500~REF*6R*CX155825X67709.002~REF*APC*00000~SVC*HC:H0035*1500*0*0912*1~DTM*472*20260520~CAS*PR*31*1500~REF*6R*CX155825X67710.001~REF*APC*00000~SVC*HC:H0035*1500*0*0912*1~DTM*472*20260521~CAS*PR*31*1500~REF*6R*CX155825X67711.002~REF*APC*00000~SVC*HC:H0035*1500*0*0912*1~DTM*472*20260522~CAS*PR*31*1500~REF*6R*CX155825X67712.004~REF*APC*00000~CLP*CX155828X5*1*7500*3185**12*780202614921708   00*13*3~NM1*QC*1*ELAHRACHE*ELAPH****MI*HMZ429W08444~NM1*IL*1*ELAHRACHE*MOD****MI*HMZ429W08444~NM1*82*2*ASHLEY  HOADLEY*****XX*1821357682~DTM*232*20260518~DTM*233*20260522~DTM*050*20260529~PER*CX*HORIZON BLUE CROSS BLUE SHIELD OF NEW JERSEY DIRECT ACCESS*TE*8886662535~AMT*AU*3185~AMT*T2*3185~SVC*HC:H0035*1500*637*0912*1~DTM*472*20260518~CAS*CO*45*863~REF*6R*CX155828X67708.002~REF*APC*00000~AMT*B6*637~SVC*HC:H0035*1500*637*0912*1~DTM*472*20260519~CAS*CO*45*863~REF*6R*CX155828X67709.002~REF*APC*00000~AMT*B6*637~SVC*HC:H0035*1500*637*0912*1~DTM*472*20260520~CAS*CO*45*863~REF*6R*CX155828X67710.001~REF*APC*00000~AMT*B6*637~SVC*HC:H0035*1500*637*0912*1~DTM*472*20260521~CAS*CO*45*863~REF*6R*CX155828X67711.002~REF*APC*00000~AMT*B6*637~SVC*HC:H0035*1500*637*0912*1~DTM*472*20260522~CAS*CO*45*863~REF*6R*CX155828X67712.004~REF*APC*00000~AMT*B6*637~CLP*CX155848X1*1*2250*0*2250*13*780202614921764   00*13*3~NM1*QC*1*FRYE*JAMIE****MI*D2A3HZN08669810~NM1*IL*1*FRYE*JAMES****MI*D2A3HZN08669810~NM1*74*1******C*D2A3HZN086698100~NM1*82*2*ASHLEY  HOADLEY*****XX*1821357682~DTM*232*20260518~DTM*233*20260522~DTM*050*20260529~PER*CX*NATIONAL ACCOUNTS POS*TE*8006244758~AMT*AU*954~SVC*HC:S9480:95*750*0*0905*1~DTM*472*20260518~CAS*PR*242*750~REF*6R*CX155848X67708.004~REF*APC*00000~SVC*HC:S9480:95*750*0*0905*1~DTM*472*20260520~CAS*PR*242*750~REF*6R*CX155848X67710.002~REF*APC*00000~SVC*HC:S9480:95*750*0*0905*1~DTM*472*20260522~CAS*PR*242*750~REF*6R*CX155848X67712.002~REF*APC*00000~SE*202*000000001~GE*1*669805461~IEA*1*669805461~