ISA*00*          *00*          *ZZ*CHC            *ZZ*00962249       *260708*0620*^*00501*533008250*0*P*:~GS*HP*CHC*00962249*20260708*06200000*533008250*X*005010X221A1~ST*835*000000001~BPR*I*2300*C*ACH*CCP*01*031100209*DA*0000009108*1066033492**01*121000248*DA*4122170038*20260713~TRN*1*826189000185801*1066033492~REF*EV*133052274~DTM*405*20260708~N1*PR*AETNA~N3*151 FARMINGTON AVENUE~N4*HARTFORD*CT*06156~REF*2U*60054~PER*BL*PROVIDER SERVICE~N1*PE*THE RENFREW CENTER OF MARYLAND, LLC*XX*1093940405~N3*PO BOX 823700~N4*PHILADELPHIA*PA*191823700~REF*PQ*166347640~REF*TJ*264628647~LX*1~TS3*1093940405*52*20261231*1*7500~CLP*CX157308X1*1*7500*2300*575*12*E2618101220000*13*3~NM1*QC*1*RAMIREZ*STEPHANIE****MI*W275038764~REF*1L*0474952-036-00108-UA~REF*CE*PPO-MEDICAL NET 00098~DTM*232*20260622~DTM*233*20260626~DTM*050*20260630~PER*CX**TE*8886323862~AMT*AU*7500~SVC*HC:H0035*1500*460**1~DTM*472*20260622~CAS*CO*45*925~CAS*PR*2*115~REF*6R*CX157308X67743.002~AMT*B6*575~SVC*HC:H0035*1500*460**1~DTM*472*20260623~CAS*CO*45*925~CAS*PR*2*115~REF*6R*CX157308X67744.001~AMT*B6*575~SVC*HC:H0035*1500*460**1~DTM*472*20260624~CAS*CO*45*925~CAS*PR*2*115~REF*6R*CX157308X67745.001~AMT*B6*575~SVC*HC:H0035*1500*460**1~DTM*472*20260625~CAS*CO*45*925~CAS*PR*2*115~REF*6R*CX157308X67746.001~AMT*B6*575~SVC*HC:H0035*1500*460**1~DTM*472*20260626~CAS*CO*45*925~CAS*PR*2*115~REF*6R*CX157308X67747.002~AMT*B6*575~SE*57*000000001~GE*1*533008250~IEA*1*533008250~