ISA*00*          *00*          *ZZ*CHC            *ZZ*00962249       *260617*1423*^*00501*904606401*0*P*:‾GS*HP*CHC*00962249*20260617*14232400*904606401*X*005010X221A1‾ST*835*000000001‾BPR*I*9015*C*ACH*CCP*01*043301627*DA*1069954659C*1341858379**01*121000248*DA*4122170038*20260622‾TRN*1*1250696478*1341858379‾DTM*405*20260617‾N1*PR*INDEPENDENCE BLUE CROSS, LLC‾N3*1901 MARKET STREET‾N4*PHILADELPHIA*PA*19103‾REF*2U*SX055‾PER*CX*EDI SUPPORT TEAM*FX*4408355656*TE*4408353511‾PER*BL*EDI SUPPORT TEAM‾N1*PE*PA THE RENFREW CENTERS*XX*1417971904‾N3*PO BOX 823700‾N4*PHILADELPHIA*PA*19182‾REF*TJ*200994813‾LX*1‾CLP*CX155761X4*4*7500*0**ZZ*2026147041926*13*3‾NM1*QC*1*GROVE*VERONICA****MI*2504026800‾NM1*IL*1*GROVE*FRANS****MI*2504026800‾REF*CE*901963211‾DTM*232*20260518‾DTM*233*20260522‾DTM*050*20260611‾PER*CX**TE*4408353511‾SVC*NU:0912*1500*0**1**0‾DTM*472*20260518‾CAS*CO*197*1500*1‾REF*6R*CX155761X67708.002‾SVC*NU:0912*1500*0**1**0‾DTM*472*20260519‾CAS*CO*197*1500*1‾REF*6R*CX155761X67709.001‾SVC*NU:0912*1500*0**1**0‾DTM*472*20260520‾CAS*CO*197*1500*1‾REF*6R*CX155761X67710.002‾SVC*NU:0912*1500*0**1**0‾DTM*472*20260521‾CAS*CO*197*1500*1‾REF*6R*CX155761X67711.001‾SVC*NU:0912*1500*0**1**0‾DTM*472*20260522‾CAS*CO*197*1500*1‾REF*6R*CX155761X67712.001‾CLP*CX155997X3*1*2250*1131*45*ZZ*2026154050010*13*3‾NM1*QC*1*PENCE*KAIA****MI*2520217300‾NM1*IL*1*PENCE*DAVID*R***MI*2520217300‾REF*CE*901903214‾DTM*232*20260526‾DTM*233*20260529‾DTM*050*20260604‾PER*CX**TE*4408353511‾AMT*AU*1176‾SVC*NU:0905*750*377**1**0‾DTM*472*20260526‾CAS*CO*45*358*1‾CAS*PR*3*15*1‾REF*6R*CX155997X67716.001‾AMT*B6*392‾SVC*NU:0905*750*377**1**0‾DTM*472*20260527‾CAS*CO*45*358*1‾CAS*PR*3*15*1‾REF*6R*CX155997X67717.001‾AMT*B6*392‾SVC*NU:0905*750*377**1**0‾DTM*472*20260529‾CAS*CO*45*358*1‾CAS*PR*3*15*1‾REF*6R*CX155997X67719.002‾AMT*B6*392‾CLP*CX156416X4*1*7500*3595**ZZ*2026161053722*13*3‾NM1*QC*1*GROVE*VERONICA****MI*2504026800‾NM1*IL*1*GROVE*FRANS****MI*2504026800‾REF*CE*901963211‾DTM*232*20260601‾DTM*233*20260605‾DTM*050*20260611‾PER*CX**TE*4408353511‾AMT*AU*3595‾SVC*NU:0912*1500*719**1**0‾DTM*472*20260601‾CAS*CO*45*781*1‾REF*6R*CX156416X67722.002‾AMT*B6*719‾SVC*NU:0912*1500*719**1**0‾DTM*472*20260602‾CAS*CO*45*781*1‾REF*6R*CX156416X67723.002‾AMT*B6*719‾SVC*NU:0912*1500*719**1**0‾DTM*472*20260603‾CAS*CO*45*781*1‾REF*6R*CX156416X67724.001‾AMT*B6*719‾SVC*NU:0912*1500*719**1**0‾DTM*472*20260604‾CAS*CO*45*781*1‾REF*6R*CX156416X67725.001‾AMT*B6*719‾SVC*NU:0912*1500*719**1**0‾DTM*472*20260605‾CAS*CO*45*781*1‾REF*6R*CX156416X67726.001‾AMT*B6*719‾CLP*CX156410X1*1*3000*1378*60*ZZ*2026161053724*13*2‾NM1*QC*1*MIFFLIN*LILLI*E***MI*2500496300‾NM1*IL*1*MIFFLIN*JASON*W***MI*2500496300‾REF*CE*901966093‾DTM*232*20260603‾DTM*233*20260604‾DTM*050*20260611‾PER*CX**TE*4408353511‾AMT*AU*1438‾SVC*NU:0912*1500*689**1**0‾DTM*472*20260603‾CAS*CO*45*781*1‾CAS*PR*3*30*1‾REF*6R*CX156410X67724.005‾AMT*B6*719‾SVC*NU:0912*1500*689**1**0‾DTM*472*20260604‾CAS*CO*45*781*1‾CAS*PR*3*30*1‾REF*6R*CX156410X67725.003‾AMT*B6*719‾CLP*CX156421X1*1*2250*1086*90*ZZ*2026161053725*13*3‾NM1*QC*1*MARTIN*KATHRYN****MI*2529903800‾NM1*IL*1*MARTIN*MARIE****MI*2529903800‾REF*CE*901956349‾DTM*232*20260603‾DTM*233*20260605‾DTM*050*20260611‾PER*CX**TE*4408353511‾AMT*AU*1176‾SVC*NU:0905*750*362**1**0‾DTM*472*20260603‾CAS*CO*45*358*1‾CAS*PR*3*30*1‾REF*6R*CX156421X67724.001‾AMT*B6*392‾SVC*NU:0905*750*362**1**0‾DTM*472*20260604‾CAS*CO*45*358*1‾CAS*PR*3*30*1‾REF*6R*CX156421X67725.001‾AMT*B6*392‾SVC*NU:0905*750*362**1**0‾DTM*472*20260605‾CAS*CO*45*358*1‾CAS*PR*3*30*1‾REF*6R*CX156421X67726.002‾AMT*B6*392‾CLP*CX156435X1*1*1500*694*90*ZZ*2026161053731*13*3‾NM1*QC*1*SMITH*AMANDA****MI*2505364700‾NM1*IL*1*SMITH*DANA*K.***MI*2505364700‾REF*CE*901962464‾DTM*232*20260602‾DTM*233*20260604‾DTM*050*20260611‾PER*CX**TE*4408353511‾AMT*AU*784‾SVC*NU:0905*750*347**1**0‾DTM*472*20260602‾CAS*CO*45*358*1‾CAS*PR*3*45*1‾REF*6R*CX156435X67723.002‾AMT*B6*392‾SVC*NU:0905*750*347**1**0‾DTM*472*20260604‾CAS*CO*45*358*1‾CAS*PR*3*45*1‾REF*6R*CX156435X67725.002‾AMT*B6*392‾CLP*CX156422X2*1*2250*1131*45*ZZ*2026161053737*13*3‾NM1*QC*1*PENCE*KAIA****MI*2520217300‾NM1*IL*1*PENCE*DAVID*R***MI*2520217300‾REF*CE*901947245‾DTM*232*20260602‾DTM*233*20260605‾DTM*050*20260611‾PER*CX**TE*4408353511‾AMT*AU*1176‾SVC*NU:0905*750*377**1**0‾DTM*472*20260602‾CAS*CO*45*358*1‾CAS*PR*3*15*1‾REF*6R*CX156422X67723.001‾AMT*B6*392‾SVC*NU:0905*750*377**1**0‾DTM*472*20260603‾CAS*CO*45*358*1‾CAS*PR*3*15*1‾REF*6R*CX156422X67724.001‾AMT*B6*392‾SVC*NU:0905*750*377**1**0‾DTM*472*20260605‾CAS*CO*45*358*1‾CAS*PR*3*15*1‾REF*6R*CX156422X67726.002‾AMT*B6*392‾SE*201*000000001‾ST*835*000000002‾BPR*I*1176*C*ACH*CCP*01*043301627*DA*1069954659C*1341858379**01*121000248*DA*4122170038*20260622‾TRN*1*1250696479*1341858379‾DTM*405*20260617‾N1*PR*INDEPENDENCE BLUE CROSS, LLC‾N3*1901 MARKET STREET‾N4*PHILADELPHIA*PA*19103‾REF*2U*SX055‾PER*CX*EDI SUPPORT TEAM*FX*4408355656*TE*4408353511‾PER*BL*EDI SUPPORT TEAM‾N1*PE*PA THE RENFREW CENTERS*XX*1417971904‾N3*PO BOX 823700‾N4*PHILADELPHIA*PA*19182‾REF*TJ*200994813‾LX*1‾CLP*CX156424X4*1*2250*1176**ZZ*2026161053738*13*2‾NM1*QC*1*MUNOZ*SOPHIA*L***MI*2504776000‾NM1*IL*1*MUNOZ*ROBERT*H***MI*2504776000‾REF*CE*901971338‾DTM*232*20260601‾DTM*233*20260604‾DTM*050*20260611‾PER*CX**TE*4408353511‾AMT*AU*1176‾SVC*NU:0905*750*392**1**0‾DTM*472*20260601‾CAS*CO*45*358*1‾REF*6R*CX156424X67722.001‾AMT*B6*392‾SVC*NU:0905*750*392**1**0‾DTM*472*20260603‾CAS*CO*45*358*1‾REF*6R*CX156424X67724.001‾AMT*B6*392‾SVC*NU:0905*750*392**1**0‾DTM*472*20260604‾CAS*CO*45*358*1‾REF*6R*CX156424X67725.001‾AMT*B6*392‾SE*40*000000002‾GE*2*904606401‾IEA*1*904606401‾