ISA*00*          *00*          *ZZ*CHC            *ZZ*00962249       *260622*0820*^*00501*151205882*0*P*:~GS*HP*CHC*00962249*20260622*08204400*151205882*X*005010X221A1~ST*835*000000001~BPR*I*2668*C*ACH*CCP*01*042100272*DA*7480795058*1591031071**01*121000248*DA*4122170038*20260622~TRN*1*601200842704*1591031071~REF*EV*133052274~REF*F2*GWFC~DTM*405*20260616~N1*PR*GREATWESTHEALTHCARE-CIGNA~N3*8505 E. ORCHARD RD~N4*GREENWOOD VILLAGE*CO*80111~REF*2U*62308~PER*CX*GWHC EDIPROD*EM*EDIESCALATEDREQUESTS@CIGNA.COM*TE*8008103388~PER*BL*EDI HELP DESK*TE*8008103388~N1*PE*RENFREW CENTER OF PENNSYLVANIA*XX*1417971904~N3*PO BOX 828577~N4*PHILADELPHIA*PA*191820001~REF*PQ*200006054179~REF*TJ*200994813~LX*1~TS3*1417971904*11*20261231*1*6000~CLP*CX156389X1*1*6000*2668**13*262129538900*11*4~NM1*QC*1*LOUHIER*MEGAN****MI*11251225200~REF*1L*00656485~REF*CE*OPEN ACCESS PLUS~REF*EA*IDX106977X12~REF*G1*IP2704526234~DTM*050*20260610~DTM*232*20260601~DTM*233*20260602~AMT*AU*2668~QTY*CA*2~SVC*NU:1001*3000*1334**1~DTM*150*20260601~DTM*151*20260601~CAS*CO*45*1666~REF*APC*0~REF*6R*CX156389X67722.003~AMT*B6*1334~SVC*NU:1001*3000*1334**1~DTM*150*20260602~DTM*151*20260602~CAS*CO*45*1666~REF*APC*0~REF*6R*CX156389X67723.002~AMT*B6*1334~SE*45*000000001~GE*1*151205882~IEA*1*151205882~