ISA*00*          *00*          *ZZ*CHC            *ZZ*00962249       *260624*0820*^*00501*334805024*0*P*:~GS*HP*CHC*00962249*20260624*08201700*334805024*X*005010X221A1~ST*835*000000001~BPR*I*325.8*C*ACH*CCP*01*093702139*DA*0601849573*1591031071**01*121000248*DA*4122170038*20260626~TRN*1*260623090063761*1591031071~REF*EV*133052274~REF*F2*PM~DTM*405*20260624~N1*PR*CIGNA HEALTH AND LIFE INSURANCE COMPANY~N3*P.O. BOX 182223~N4*CHATTANOOGA*TN*374227223~REF*2U*62308~PER*BL*EDI HELP DESK*TE*8008103388~N1*PE*RENFREW CTR OF MD*XX*1093940405~N3*PO BOX 713700~N4*PHILADELPHIA*PA*191713700~REF*TJ*264628647~LX*1~TS3*1093940405*13*20261231*1*1500~CLP*CX156786X2*1*1500*325.8*440.2*13*9672616993126*13*3~NM1*QC*1*BETZ*SASHA****MI*81843686902~NM1*IL*1*BETZ*JUSTIN****MI*81843686901~REF*1L*3331238~REF*CE*OPEN ACCESS PLUS~REF*EA*IDX135192X5~DTM*050*20260618~DTM*232*20260608~DTM*233*20260610~PER*CX*MEMBER SERVICES*TE*8002446224~AMT*AU*766~SVC*HC:S9480*750*0*0905***1~DTM*150*20260608~DTM*151*20260608~CAS*CO*45*367~CAS*PR*1*383~REF*6R*CX156786X67729.002~AMT*B6*383~SVC*HC:S9480*750*325.8*0905*1~DTM*150*20260610~DTM*151*20260610~CAS*CO*45*367~CAS*PR*1*21**2*36.2~REF*6R*CX156786X67731.001~AMT*B6*383~SE*43*000000001~GE*1*334805024~IEA*1*334805024~