ISA*00*          *00*          *ZZ*CHC            *ZZ*00962249       *260619*0345*^*00501*979804344*0*P*:~GS*HP*CHC*00962249*20260619*03455100*979804344*X*005010X221A1~ST*835*000000001~BPR*I*489.6*C*ACH*CCP*01*124384877*DA*1470858534*1411289245*000087726*01*121000248*DA*4122170038*20260624~TRN*1*W362979389*1411289245*000087726~REF*EV*B00099999800~REF*F2*1083~DTM*405*20260618~N1*PR*UNITED HEALTHCARE INSURANCE COMPANY~N3*9900 BREN ROAD~N4*MINNETONKA*MN*553439664~REF*2U*87726~PER*CX*ATLANTA SERVICE CENTER*TE*8778423210~PER*BL*UNKNOWN*UR*WWW.UNITEDHEALTHCAREONLINE.COM/B2C/CONTACTUS.DO~N1*PE*THE RENFREW CENTER OF TENNESSEE LLC*XX*1083812762~N3*PO BOX 823700~N4*PHILADELPHIA*PA*19182~REF*TJ*205497459~LX*1~TS3*1083812762*13*20261231*1*1500~CLP*CX156576X2*1*1500*489.6*54.4*13*FU99607888 0128895396*13*3~NM1*QC*1*PEARL*CAITLIN~NM1*IL*1*PEARL*CAITLIN****MI*920439795~NM1*74*1***E~REF*EA*IDX135592X6~REF*BB*53BMCG01~REF*G1*53BMCG-01~REF*1L*743714~REF*CE*CHOYC+~DTM*232*20260601~DTM*233*20260604~DTM*050*20260611~AMT*AU*1500~SVC*HC:S9480*750*244.8*0905*1~DTM*150*20260601~DTM*151*20260604~CAS*CO*45*478~CAS*PR*2*27.2~REF*6R*CX156576X67722.001~AMT*B6*272~SVC*HC:S9480*750*244.8*0905*1~DTM*150*20260601~DTM*151*20260604~CAS*CO*45*478~CAS*PR*2*27.2~REF*6R*CX156576X67725.002~AMT*B6*272~SE*46*000000001~ST*835*000000002~BPR*H*0*C*NON******9999999999*999999999*****20260624~TRN*1*W362979390*1411289245*000087726~REF*EV*B00099999800~REF*F2*1083~DTM*405*20260618~N1*PR*UNITED HEALTHCARE INSURANCE COMPANY~N3*9900 BREN ROAD~N4*MINNETONKA*MN*553439664~REF*2U*87726~PER*CX*ATLANTA SERVICE CENTER*TE*8778423210~PER*BL*UNKNOWN*UR*WWW.UNITEDHEALTHCAREONLINE.COM/B2C/CONTACTUS.DO~N1*PE*THE RENFREW CENTER OF TENNESSEE LLC*XX*1083812762~N3*PO BOX 823700~N4*PHILADELPHIA*PA*19182~REF*TJ*205497459~LX*1~TS3*1083812762*13*20261231*1*750~CLP*CX155447X2*1*750*0**13*FU01399706 0369220542*13*4~NM1*QC*1*ATWOOD*HARPER~NM1*IL*1*ATWOOD*BRIAN****MI*925635175~NM1*74*1***J~REF*G1*4D3RJC-01~REF*1L*908962~REF*CE*CHOYC+~REF*EA*IDX135556X4~DTM*232*20260505~DTM*233*20260505~DTM*050*20260514~SVC*HC:S9480*750*0*0905*1~DTM*472*20260505~CAS*CO*96*750~REF*6R*CX155447X67695.001~LQ*HE*N54~SE*35*000000002~GE*2*979804344~IEA*1*979804344~