ISA*00*          *00*          *ZZ*CHC            *ZZ*00962249       *260608*0722*^*00501*948205626*0*P*:~GS*HP*CHC*00962249*20260608*07221300*948205626*X*005010X221A1~ST*835*000000001~BPR*I*7659*C*ACH*CCP*01*042100272*DA*7480795058*1591031071**01*121000248*DA*4122170038*20260608~TRN*1*600200845293*1591031071~REF*EV*133052274~REF*F2*GWFC~DTM*405*20260604~N1*PR*GREATWESTHEALTHCARE-CIGNA~N3*8505 E. ORCHARD RD~N4*GREENWOOD VILLAGE*CO*80111~REF*2U*62308~PER*CX*GWHC EDIPROD*EM*EDIESCALATEDREQUESTS@CIGNA.COM*TE*8008103388~PER*BL*EDI HELP DESK*TE*8008103388~N1*PE*RENFREW CENTER OF FLORIDA LLC*XX*1912008137~N3*PO BOX 713700~N4*PHILADELPHIA*PA*191713700~REF*TJ*200995125~LX*1~TS3*1912008137*22*20261231*3*18750~CLP*CX156032X1*1*6000*2548**13*262034804700*13*4~NM1*QC*1*MANZ*ROBIN****MI*11245485300~REF*1L*00660378~REF*CE*OPEN ACCESS PLUS~REF*EA*IDX135734X3~REF*G1*NO AUTHORIZATION NEEDED~DTM*050*20260603~DTM*232*20260526~DTM*233*20260529~AMT*AU*2548~SVC*HC:H0035*1500*637*0912*1~DTM*150*20260526~DTM*151*20260526~CAS*CO*45*863~REF*APC*0~REF*6R*CX156032X67716.003~AMT*B6*637~SVC*HC:H0035*1500*637*0912*1~DTM*150*20260527~DTM*151*20260527~CAS*CO*45*863~REF*APC*0~REF*6R*CX156032X67717.005~AMT*B6*637~SVC*HC:H0035*1500*637*0912*1~DTM*150*20260528~DTM*151*20260528~CAS*CO*45*863~REF*APC*0~REF*6R*CX156032X67718.002~AMT*B6*637~SVC*HC:H0035*1500*637*0912*1~DTM*150*20260529~DTM*151*20260529~CAS*CO*45*863~REF*APC*0~REF*6R*CX156032X67719.004~AMT*B6*637~CLP*CX156033X1*1*750*323**13*262035134500*13*3~NM1*QC*1*MCCLEAN*HALLIE****MI*11109053801~NM1*IL*1*MCCLEAN*KRISTINA*C***MI*11109053800~REF*1L*00657494~REF*CE*OPEN ACCESS PLUS~REF*EA*IDX135370X4~DTM*050*20260603~DTM*232*20260528~DTM*233*20260528~AMT*AU*323~SVC*HC:S9480*750*323*0905*1~CAS*CO*45*427~REF*APC*0~REF*6R*CX156033X67718.002~AMT*B6*323~CLP*CX156023X1*1*12000*4788**14*262034856400*11*2~NM1*QC*1*JAKOB*RUBY****MI*10787805402~NM1*IL*1*JAKOB*RUBY*C***MI*10787805400~REF*1L*00881200~REF*CE*EPO CONNECT~REF*EA*IDX136205X3~REF*G1*IP-2751912135~DTM*050*20260603~DTM*232*20260528~DTM*233*20260531~AMT*AU*4788~QTY*CA*4~SVC*NU:1001*3000*1197**1~DTM*150*20260528~DTM*151*20260528~CAS*CO*45*1803~REF*APC*0~REF*6R*CX156023X67718.004~AMT*B6*1197~SVC*NU:1001*3000*1197**1~DTM*150*20260529~DTM*151*20260529~CAS*CO*45*1803~REF*APC*0~REF*6R*CX156023X67719.002~AMT*B6*1197~SVC*NU:1001*3000*1197**1~DTM*150*20260530~DTM*151*20260530~CAS*CO*45*1803~REF*APC*0~REF*6R*CX156023X67720.002~AMT*B6*1197~SVC*NU:1001*3000*1197**1~DTM*150*20260531~DTM*151*20260531~CAS*CO*45*1803~REF*APC*0~REF*6R*CX156023X67721.003~AMT*B6*1197~SE*112*000000001~GE*1*948205626~IEA*1*948205626~