ISA*00*          *00*          *ZZ*CHC            *ZZ*00962249       *260608*0634*^*00501*932003732*0*P*:~GS*HP*CHC*00962249*20260608*06345400*932003732*X*005010X221A1~ST*835*000000001~BPR*I*1911*C*ACH*CCP*01*031100225*DA*2079950064280/*1220999690*999999999*01*121000248*DA*4122170038*20260606~TRN*1*0031477548*1220999690*8352026060707321328~REF*EV*1164514691~DTM*405*20260606~N1*PR*HORIZON BCBSNJ~N3*P O  BOX 420~N4*NEWARK*NJ*071010420~REF*2U*22099~PER*BL*HORIZON BCBSNJ*EM*HORIZONEDI@HORIZONBLUE.COM*TE*8883349242~N1*PE*THE RENFREW CENTER OF NEW JERS*XX*1164514691~N3*PO BOX 713700~N4*PHILADELPHIA*PA*191713700~REF*PQ*001368~REF*TJ*223704728~LX*1~CLP*CX156056X6*1*4500*1911**12*780202615414090   00*13*3~NM1*QC*1*ELAHRACHE*ELAPH****MI*HMZ429W08444~NM1*IL*1*ELAHRACHE*MOD****MI*HMZ429W08444~NM1*82*2*ASHLEY  HOADLEY*****XX*1821357682~DTM*232*20260526~DTM*233*20260529~DTM*050*20260602~PER*CX*HORIZON BLUE CROSS BLUE SHIELD OF NEW JERSEY DIRECT ACCESS*TE*8886662535~AMT*AU*1911~AMT*T2*1911~SVC*HC:H0035*1500*637*0912*1~DTM*472*20260526~CAS*CO*45*863~REF*6R*CX156056X67716.002~REF*APC*00000~AMT*B6*637~SVC*HC:H0035*1500*637*0912*1~DTM*472*20260528~CAS*CO*45*863~REF*6R*CX156056X67718.002~REF*APC*00000~AMT*B6*637~SVC*HC:H0035*1500*637*0912*1~DTM*472*20260529~CAS*CO*45*863~REF*6R*CX156056X67719.002~REF*APC*00000~AMT*B6*637~SE*45*000000001~ST*835*000000002~BPR*I*7006*C*ACH*CCP*01*031100225*DA*4058564014/*1220999690*999999999*01*121000248*DA*4122170038*20260606~TRN*1*0077260278*1220999690*8352026060707321327~REF*EV*1164514691~DTM*405*20260606~N1*PR*HORIZON BCBSNJ~N3*P O  BOX 420~N4*NEWARK*NJ*071010420~REF*2U*22099~PER*BL*HORIZON BCBSNJ*EM*HORIZONEDI@HORIZONBLUE.COM*TE*8883349242~N1*PE*THE RENFREW CENTER OF NEW JERS*XX*1164514691~N3*PO BOX 713700~N4*PHILADELPHIA*PA*191713700~REF*PQ*001368~REF*TJ*223704728~LX*1~CLP*CX156044X1*1*7500*3185**13*780202615414066   00*13*3~NM1*QC*1*RAVEN*ANASTASIA****MI*NJX3HZN17420950~NM1*IL*1*MCCOY*LISA****MI*NJX3HZN17420950~NM1*74*1******C*NJX3HZN174209500~NM1*82*2*ASHLEY  HOADLEY*****XX*1821357682~DTM*232*20260522~DTM*233*20260529~DTM*050*20260602~PER*CX*NJ DIRECT*TE*8886662535~AMT*AU*3185~AMT*T2*3185~SVC*HC:H0035*1500*637*0912*1~DTM*472*20260522~CAS*CO*45*863~REF*6R*CX156044X67712.004~REF*APC*00000~AMT*B6*637~SVC*HC:H0035*1500*637*0912*1~DTM*472*20260526~CAS*CO*45*863~REF*6R*CX156044X67716.002~REF*APC*00000~AMT*B6*637~SVC*HC:H0035*1500*637*0912*1~DTM*472*20260527~CAS*CO*45*863~REF*6R*CX156044X67717.003~REF*APC*00000~AMT*B6*637~SVC*HC:H0035*1500*637*0912*1~DTM*472*20260528~CAS*CO*45*863~REF*6R*CX156044X67718.003~REF*APC*00000~AMT*B6*637~SVC*HC:H0035*1500*637*0912*1~DTM*472*20260529~CAS*CO*45*863~REF*6R*CX156044X67719.004~REF*APC*00000~AMT*B6*637~CLP*CX156053X3*1*3000*1274**13*780202615414072   00*13*3~NM1*QC*1*DEMCZUK*OLIVIA****MI*NJX3HZN97411020~NM1*IL*1*DEMCZUK*MELISSA****MI*NJX3HZN97411020~NM1*74*1******C*NJX3HZN974110200~NM1*82*2*ASHLEY  HOADLEY*****XX*1821357682~DTM*232*20260526~DTM*233*20260528~DTM*050*20260602~PER*CX*NATIONAL ACCOUNTS PPO*TE*8006244758~AMT*AU*1274~AMT*T2*1274~SVC*HC:H0035*1500*637*0912*1~DTM*472*20260526~CAS*CO*45*863~REF*6R*CX156053X67716.002~REF*APC*00000~AMT*B6*637~SVC*HC:H0035*1500*637*0912*1~DTM*472*20260528~CAS*CO*45*863~REF*6R*CX156053X67718.002~REF*APC*00000~AMT*B6*637~CLP*CX156049X1*1*1500*636**13*780202615414098   00*13*3~NM1*QC*1*FEINSTEIN*HEATHER****MI*NJX3HZN25531220~NM1*IL*1*FEINSTEIN*LAUREN****MI*NJX3HZN25531220~NM1*74*1******C*NJX3HZN255312200~NM1*82*2*ASHLEY  HOADLEY*****XX*1821357682~DTM*232*20260527~DTM*233*20260529~DTM*050*20260602~PER*CX*NATIONAL ACCOUNTS PPO*TE*8006244758~AMT*AU*636~AMT*T2*636~SVC*HC:S9480*750*318*0905*1~DTM*472*20260527~CAS*CO*45*432~REF*6R*CX156049X67717.003~REF*APC*00000~AMT*B6*318~SVC*HC:S9480*750*318*0905*1~DTM*472*20260529~CAS*CO*45*432~REF*6R*CX156049X67719.005~REF*APC*00000~AMT*B6*318~CLP*CX156051X1*1*4500*1911**13*780202615414103   00*13*3~NM1*QC*1*PLOENES*KELLYANNE****MI*NJX3HZN27279000~NM1*IL*1*PLOENES*RICHARD****MI*NJX3HZN27279000~NM1*74*1******C*NJX3HZN272790000~NM1*82*2*ASHLEY  HOADLEY*****XX*1821357682~DTM*232*20260526~DTM*233*20260529~DTM*050*20260602~PER*CX*NATIONAL ACCOUNTS PPO*TE*8006244758~AMT*AU*1911~AMT*T2*1911~SVC*HC:H0035*1500*637*0912*1~DTM*472*20260526~CAS*CO*45*863~REF*6R*CX156051X67716.002~REF*APC*00000~AMT*B6*637~SVC*HC:H0035*1500*637*0912*1~DTM*472*20260527~CAS*CO*45*863~REF*6R*CX156051X67717.003~REF*APC*00000~AMT*B6*637~SVC*HC:H0035*1500*637*0912*1~DTM*472*20260529~CAS*CO*45*863~REF*6R*CX156051X67719.001~REF*APC*00000~AMT*B6*637~SE*133*000000002~GE*2*932003732~IEA*1*932003732~