ISA*00*          *00*          *ZZ*CHC            *ZZ*00962249       *260616*1819*^*00501*673605673*0*P*:~GS*HP*CHC*00962249*20260616*18195200*673605673*X*005010X221A1~ST*835*000000001~BPR*I*87297.7*C*ACH*CCP*01*043301627*DA*1069954659C*1341858379**01*121000248*DA*4122170038*20260618~TRN*1*1250492600*1341858379~DTM*405*20260616~N1*PR*INDEPENDENCE BLUE CROSS, LLC~N3*1901 MARKET STREET~N4*PHILADELPHIA*PA*19103~REF*2U*SX055~PER*CX*EDI SUPPORT TEAM*FX*4408355656*TE*4408353511~PER*BL*EDI SUPPORT TEAM~N1*PE*PA THE RENFREW CENTERS*XX*1417971904~N3*PO BOX 823700~N4*PHILADELPHIA*PA*19182~REF*TJ*200994813~LX*1~CLP*CX153640X1*22*-1500*0**HM*20260407526174*13*7~NM1*QC*1*LEWIS*ALEXI****MI*DOM038W17330~REF*CE*3486185~DTM*232*20260330~DTM*050*20260612~PER*CX**TE*4408353511~SVC*HC:H0035*-1500*0*0912*1**0~DTM*472*20260330~CAS*OA*94*-1500*1~REF*6R*CX153640X67659.004~CLP*CX153640X1*1*1500*503.3*215.7*HM*20260407526174*13*7~NM1*QC*1*LEWIS*ALEXI****MI*DOM038W17330~REF*CE*3486185~DTM*232*20260330~DTM*050*20260612~PER*CX**TE*4408353511~AMT*AU*719~SVC*HC:H0035*1500*503.3*0912*1**0~DTM*472*20260330~CAS*CO*45*781*1~CAS*PR*2*215.7*1~REF*6R*CX153640X67659.004~AMT*B6*719~CLP*CX154092X1*22*-16500*0**HM*20260408549301*13*7~NM1*QC*1*RODRIGUES VAZ*BIANCA****MI*MZOM64263720~REF*CE*3486185~DTM*232*20260302~DTM*233*20260312~DTM*050*20260612~PER*CX**TE*4408353511~SVC*HC:H0035*-1500*0*0912*1**0~DTM*472*20260302~CAS*OA*94*-1500*1~REF*6R*CX154092X67631.004~SVC*HC:H0035*-1500*0*0912*1**0~DTM*472*20260303~CAS*OA*94*-1500*1~REF*6R*CX154092X67632.006~LQ*HE*N50~SVC*HC:H0035*-1500*0*0912*1**0~DTM*472*20260304~CAS*OA*94*-1500*1~REF*6R*CX154092X67633.006~SVC*HC:H0035*-1500*0*0912*1**0~DTM*472*20260305~CAS*OA*94*-1500*1~REF*6R*CX154092X67634.004~SVC*HC:H0035*-1500*0*0912*1**0~DTM*472*20260306~CAS*OA*94*-1500*1~REF*6R*CX154092X67635.004~SVC*HC:H0035*-1500*0*0912*1**0~DTM*472*20260307~CAS*OA*94*-1500*1~REF*6R*CX154092X67636.004~SVC*HC:H0035*-1500*0*0912*1**0~DTM*472*20260308~CAS*OA*94*-1500*1~REF*6R*CX154092X67637.003~SVC*HC:H0035*-1500*0*0912*1**0~DTM*472*20260309~CAS*OA*94*-1500*1~REF*6R*CX154092X67638.003~SVC*HC:H0035*-1500*0*0912*1**0~DTM*472*20260310~CAS*OA*94*-1500*1~REF*6R*CX154092X67639.002~SVC*HC:H0035*-1500*0*0912*1**0~DTM*472*20260311~CAS*OA*94*-1500*1~REF*6R*CX154092X67640.003~LQ*HE*N50~SVC*HC:H0035*-1500*0*0912*1**0~DTM*472*20260312~CAS*OA*94*-1500*1~REF*6R*CX154092X67641.002~CLP*CX154092X1*1*16500*7909**HM*20260408549301*13*7~NM1*QC*1*RODRIGUES VAZ*BIANCA****MI*MZOM64263720~REF*CE*3486185~DTM*232*20260302~DTM*233*20260312~DTM*050*20260612~PER*CX**TE*4408353511~AMT*AU*7909~SVC*HC:H0035*1500*719*0912*1**0~DTM*472*20260302~CAS*CO*45*781*1~REF*6R*CX154092X67631.004~AMT*B6*719~SVC*HC:H0035*1500*719*0912*1**0~DTM*472*20260303~CAS*CO*45*781*1~REF*6R*CX154092X67632.006~AMT*B6*719~SVC*HC:H0035*1500*719*0912*1**0~DTM*472*20260304~CAS*CO*45*781*1~REF*6R*CX154092X67633.006~AMT*B6*719~SVC*HC:H0035*1500*719*0912*1**0~DTM*472*20260305~CAS*CO*45*781*1~REF*6R*CX154092X67634.004~AMT*B6*719~SVC*HC:H0035*1500*719*0912*1**0~DTM*472*20260306~CAS*CO*45*781*1~REF*6R*CX154092X67635.004~AMT*B6*719~SVC*HC:H0035*1500*719*0912*1**0~DTM*472*20260307~CAS*CO*45*781*1~REF*6R*CX154092X67636.004~AMT*B6*719~SVC*HC:H0035*1500*719*0912*1**0~DTM*472*20260308~CAS*CO*45*781*1~REF*6R*CX154092X67637.003~AMT*B6*719~SVC*HC:H0035*1500*719*0912*1**0~DTM*472*20260309~CAS*CO*45*781*1~REF*6R*CX154092X67638.003~AMT*B6*719~SVC*HC:H0035*1500*719*0912*1**0~DTM*472*20260310~CAS*CO*45*781*1~REF*6R*CX154092X67639.002~AMT*B6*719~SVC*HC:H0035*1500*719*0912*1**0~DTM*472*20260311~CAS*CO*45*781*1~REF*6R*CX154092X67640.003~AMT*B6*719~SVC*HC:H0035*1500*719*0912*1**0~DTM*472*20260312~CAS*CO*45*781*1~REF*6R*CX154092X67641.002~AMT*B6*719~CLP*CX154546X3*1*111000*52577**HM*20260427566064*11*1~NM1*QC*1*MUNOZ*MARIN****MI*BFKAN8975207~REF*CE*3486185~DTM*232*20260318~DTM*233*20260423~DTM*050*20260612~PER*CX**TE*4408353511~AMT*AU*52577~SVC*NU:1001*111000*52577**37**0~DTM*150*20260318~DTM*151*20260423~CAS*CO*45*58423*1~REF*6R*CX154546X67647.004~AMT*B6*52577~CLP*CX155529X2*1*7500*3595**HM*20260520510695*13*2~NM1*QC*1*BAKER*CHELSEA****MI*YHQ3HZN12123500~REF*CE*3486185~DTM*232*20260511~DTM*233*20260515~DTM*050*20260612~PER*CX**TE*4408353511~AMT*AU*3595~SVC*HC:H0035*1500*719*0912*1**0~DTM*472*20260511~CAS*CO*45*781*1~REF*6R*CX155529X67701.002~AMT*B6*719~SVC*HC:H0035*1500*719*0912*1**0~DTM*472*20260512~CAS*CO*45*781*1~REF*6R*CX155529X67702.001~AMT*B6*719~SVC*HC:H0035*1500*719*0912*1**0~DTM*472*20260513~CAS*CO*45*781*1~REF*6R*CX155529X67703.002~AMT*B6*719~SVC*HC:H0035*1500*719*0912*1**0~DTM*472*20260514~CAS*CO*45*781*1~REF*6R*CX155529X67704.002~AMT*B6*719~SVC*HC:H0035*1500*719*0912*1**0~DTM*472*20260515~CAS*CO*45*781*1~REF*6R*CX155529X67705.001~AMT*B6*719~CLP*CX155760X3*1*7500*3445*150*HM*20260527510454*13*3~NM1*QC*1*MIKULA*SAMANTHA****MI*XCA6001385100~REF*CE*3486185~DTM*232*20260518~DTM*233*20260522~DTM*050*20260612~PER*CX**TE*4408353511~AMT*AU*3595~SVC*HC:H0035*1500*689*0912*1**0~DTM*472*20260518~CAS*CO*45*781*1~CAS*PR*3*30*1~REF*6R*CX155760X67708.002~AMT*B6*719~SVC*HC:H0035*1500*689*0912*1**0~DTM*472*20260519~CAS*CO*45*781*1~CAS*PR*3*30*1~REF*6R*CX155760X67709.001~AMT*B6*719~SVC*HC:H0035*1500*689*0912*1**0~DTM*472*20260520~CAS*CO*45*781*1~CAS*PR*3*30*1~REF*6R*CX155760X67710.002~AMT*B6*719~SVC*HC:H0035*1500*689*0912*1**0~DTM*472*20260521~CAS*CO*45*781*1~CAS*PR*3*30*1~REF*6R*CX155760X67711.002~AMT*B6*719~SVC*HC:H0035*1500*689*0912*1**0~DTM*472*20260522~CAS*CO*45*781*1~CAS*PR*3*30*1~REF*6R*CX155760X67712.002~AMT*B6*719~CLP*CX155763X6*1*4500*1962*195*HM*20260527510456*13*3~NM1*QC*1*GOODHART*HENRY****MI*QBJ8022121200~REF*CE*3486185~DTM*232*20260518~DTM*233*20260521~DTM*050*20260612~PER*CX**TE*4408353511~AMT*AU*2157~SVC*HC:H0035*1500*654*0912*1**0~DTM*472*20260518~CAS*CO*45*781*1~CAS*PR*3*65*1~REF*6R*CX155763X67708.002~AMT*B6*719~SVC*HC:H0035*1500*654*0912*1**0~DTM*472*20260519~CAS*CO*45*781*1~CAS*PR*3*65*1~REF*6R*CX155763X67709.001~AMT*B6*719~SVC*HC:H0035*1500*654*0912*1**0~DTM*472*20260521~CAS*CO*45*781*1~CAS*PR*3*65*1~REF*6R*CX155763X67711.001~AMT*B6*719~CLP*CX155764X7*1*6000*2876**HM*20260527510458*13*3~NM1*QC*1*FOOSE*BRITTANY****MI*QBU8173152500~REF*CE*3486185~DTM*232*20260518~DTM*233*20260521~DTM*050*20260612~PER*CX**TE*4408353511~AMT*AU*2876~SVC*HC:H0035*1500*719*0912*1**0~DTM*472*20260518~CAS*CO*45*781*1~REF*6R*CX155764X67708.002~AMT*B6*719~SVC*HC:H0035*1500*719*0912*1**0~DTM*472*20260519~CAS*CO*45*781*1~REF*6R*CX155764X67709.002~AMT*B6*719~SVC*HC:H0035*1500*719*0912*1**0~DTM*472*20260520~CAS*CO*45*781*1~REF*6R*CX155764X67710.002~AMT*B6*719~SVC*HC:H0035*1500*719*0912*1**0~DTM*472*20260521~CAS*CO*45*781*1~REF*6R*CX155764X67711.001~AMT*B6*719~CLP*CX155757X2*1*6750*3348*180*HM*20260527510461*13*2~NM1*QC*1*LOWENBERG*SOFIA****MI*XZJ6111986300~REF*CE*3486185~DTM*232*20260511~DTM*233*20260522~DTM*050*20260612~PER*CX**TE*4408353511~AMT*AU*3528~SVC*HC:S9480*750*372*0905*1**0~DTM*472*20260511~CAS*CO*45*358*1~CAS*PR*3*20*1~REF*6R*CX155757X67701.002~AMT*B6*392~SVC*HC:S9480*750*372*0905*1**0~DTM*472*20260512~CAS*CO*45*358*1~CAS*PR*3*20*1~REF*6R*CX155757X67702.003~AMT*B6*392~SVC*HC:S9480*750*372*0905*1**0~DTM*472*20260513~CAS*CO*45*358*1~CAS*PR*3*20*1~REF*6R*CX155757X67703.001~AMT*B6*392~SVC*HC:S9480*750*372*0905*1**0~DTM*472*20260514~CAS*CO*45*358*1~CAS*PR*3*20*1~REF*6R*CX155757X67704.001~AMT*B6*392~SVC*HC:S9480*750*372*0905*1**0~DTM*472*20260515~CAS*CO*45*358*1~CAS*PR*3*20*1~REF*6R*CX155757X67705.004~AMT*B6*392~SVC*HC:S9480*750*372*0905*1**0~DTM*472*20260519~CAS*CO*45*358*1~CAS*PR*3*20*1~REF*6R*CX155757X67709.003~AMT*B6*392~SVC*HC:S9480*750*372*0905*1**0~DTM*472*20260520~CAS*CO*45*358*1~CAS*PR*3*20*1~REF*6R*CX155757X67710.003~AMT*B6*392~SVC*HC:S9480*750*372*0905*1**0~DTM*472*20260521~CAS*CO*45*358*1~CAS*PR*3*20*1~REF*6R*CX155757X67711.003~AMT*B6*392~SVC*HC:S9480*750*372*0905*1**0~DTM*472*20260522~CAS*CO*45*358*1~CAS*PR*3*20*1~REF*6R*CX155757X67712.004~AMT*B6*392~CLP*CX155756X1*1*2250*1176**HM*20260527510462*13*3~NM1*QC*1*HOTTEL*SOPHIA****MI*XZJ6108754700~REF*CE*3486185~DTM*232*20260518~DTM*233*20260521~DTM*050*20260612~PER*CX**TE*4408353511~AMT*AU*1176~SVC*HC:S9480*750*392*0905*1**0~DTM*472*20260518~CAS*CO*45*358*1~REF*6R*CX155756X67708.004~AMT*B6*392~SVC*HC:S9480*750*392*0905*1**0~DTM*472*20260520~CAS*CO*45*358*1~REF*6R*CX155756X67710.003~AMT*B6*392~SVC*HC:S9480*750*392*0905*1**0~DTM*472*20260521~CAS*CO*45*358*1~REF*6R*CX155756X67711.003~AMT*B6*392~CLP*CX155754X1*1*7500*3445*150*HM*20260527547437*13*3~NM1*QC*1*DEVLIN-MOHAN*CEIRE****MI*XBU6101334400~REF*CE*3486185~DTM*232*20260518~DTM*233*20260522~DTM*050*20260612~PER*CX**TE*4408353511~AMT*AU*3595~SVC*HC:H0035*1500*689*0912*1**0~DTM*472*20260518~CAS*CO*45*781*1~CAS*PR*3*30*1~REF*6R*CX155754X67708.002~AMT*B6*719~SVC*HC:H0035*1500*689*0912*1**0~DTM*472*20260519~CAS*CO*45*781*1~CAS*PR*3*30*1~REF*6R*CX155754X67709.001~AMT*B6*719~SVC*HC:H0035*1500*689*0912*1**0~DTM*472*20260520~CAS*CO*45*781*1~CAS*PR*3*30*1~REF*6R*CX155754X67710.002~AMT*B6*719~SVC*HC:H0035*1500*689*0912*1**0~DTM*472*20260521~CAS*CO*45*781*1~CAS*PR*3*30*1~REF*6R*CX155754X67711.001~AMT*B6*719~SVC*HC:H0035*1500*689*0912*1**0~DTM*472*20260522~CAS*CO*45*781*1~CAS*PR*3*30*1~REF*6R*CX155754X67712.002~AMT*B6*719~CLP*CX155987X1*1*6000*2876**HM*20260603552908*13*3~NM1*QC*1*POWELL*CARA****MI*HSG3HZN51094850~REF*CE*3486185~DTM*232*20260526~DTM*233*20260529~DTM*050*20260612~PER*CX**TE*4408353511~AMT*AU*2876~SVC*HC:H0035*1500*719*0912*1**0~DTM*472*20260526~CAS*CO*45*781*1~REF*6R*CX155987X67716.002~AMT*B6*719~SVC*HC:H0035*1500*719*0912*1**0~DTM*472*20260527~CAS*CO*45*781*1~REF*6R*CX155987X67717.001~AMT*B6*719~SVC*HC:H0035*1500*719*0912*1**0~DTM*472*20260528~CAS*CO*45*781*1~REF*6R*CX155987X67718.002~AMT*B6*719~SVC*HC:H0035*1500*719*0912*1**0~DTM*472*20260529~CAS*CO*45*781*1~REF*6R*CX155987X67719.001~AMT*B6*719~CLP*CX155993X7*1*6000*2876**HM*20260603552911*13*3~NM1*QC*1*D''ANNUNZIO*MADISON****MI*L6Q806855092~REF*CE*3486185~DTM*232*20260526~DTM*233*20260529~DTM*050*20260612~PER*CX**TE*4408353511~AMT*AU*2876~SVC*HC:H0035*1500*719*0912*1**0~DTM*472*20260526~CAS*CO*45*781*1~REF*6R*CX155993X67716.002~AMT*B6*719~SVC*HC:H0035*1500*719*0912*1**0~DTM*472*20260527~CAS*CO*45*781*1~REF*6R*CX155993X67717.001~AMT*B6*719~SVC*HC:H0035*1500*719*0912*1**0~DTM*472*20260528~CAS*CO*45*781*1~REF*6R*CX155993X67718.001~AMT*B6*719~SVC*HC:H0035*1500*719*0912*1**0~DTM*472*20260529~CAS*CO*45*781*1~REF*6R*CX155993X67719.001~AMT*B6*719~CLP*CX155984X1*4*3000*0**HM*20260603552915*13*1~NM1*QC*1*DESCHLER*EMILY****MI*PVG872A73302~REF*CE*3486185~DTM*232*20260526~DTM*233*20260529~DTM*050*20260612~PER*CX**TE*4408353511~SVC*HC:S9480*750*0*0905*1**0~DTM*472*20260526~CAS*CO*45*750*1~REF*6R*CX155984X67716.003~AMT*B6*750~SVC*HC:S9480*750*0*0905*1**0~DTM*472*20260527~CAS*CO*45*750*1~REF*6R*CX155984X67717.003~AMT*B6*750~SVC*HC:S9480*750*0*0905*1**0~DTM*472*20260528~CAS*CO*45*750*1~REF*6R*CX155984X67718.002~AMT*B6*750~SVC*HC:S9480*750*0*0905*1**0~DTM*472*20260529~CAS*CO*45*750*1~REF*6R*CX155984X67719.004~AMT*B6*750~CLP*CX149862X1*1*1500*695**HM*20260604506092*13*2~NM1*QC*1*FARINHOLT*ELENA****MI*D4E841140287~REF*CE*3486185~DTM*232*20251231~DTM*050*20260612~PER*CX**TE*4408353511~AMT*AU*695~SVC*HC:H0035*1500*695*0912*1**0~DTM*472*20251231~CAS*CO*45*805*1~REF*6R*154337824220556001~AMT*B6*695~CLP*CX155255X1*1*162000*0**HM*20260604506094*11*1~NM1*QC*1*SHUTE*ASHLEY****MI*VYA204522791~REF*CE*3486185~DTM*232*20260312~DTM*233*20260504~DTM*050*20260612~PER*CX**TE*4408353511~SVC*NU:1001*162000*0**54**0~DTM*150*20260312~DTM*151*20260504~CAS*CO*45*162000*1~REF*6R*CX155255X67641.003~CLP*CX156420X8*4*7500*0**HM*20260610590337*13*3~NM1*QC*1*RIGNEY*MARLEA****MI*SOD135333475001~REF*CE*3486185~DTM*232*20260601~DTM*233*20260605~DTM*050*20260612~PER*CX**TE*4408353511~SVC*HC:H0035*1500*0*0912*1**0~DTM*472*20260601~CAS*CO*96*1500*1~REF*6R*CX156420X67722.002~LQ*HE*N747~SVC*HC:H0035*1500*0*0912*1**0~DTM*472*20260602~CAS*CO*96*1500*1~REF*6R*CX156420X67723.001~LQ*HE*N130~SVC*HC:H0035*1500*0*0912*1**0~DTM*472*20260603~CAS*CO*96*1500*1~REF*6R*CX156420X67724.002~LQ*HE*N130~SVC*HC:H0035*1500*0*0912*1**0~DTM*472*20260604~CAS*CO*96*1500*1~REF*6R*CX156420X67725.001~LQ*HE*N130~SVC*HC:H0035*1500*0*0912*1**0~DTM*472*20260605~CAS*CO*96*1500*1~REF*6R*CX156420X67726.001~LQ*HE*N130~CLP*CX156417X5*4*4500*0**HM*20260610590342*13*2~NM1*QC*1*ARTERS*GABRIELLE****MI*B4E141959472001~REF*CE*3486185~DTM*232*20260603~DTM*233*20260605~DTM*050*20260612~PER*CX**TE*4408353511~SVC*HC:H0035*1500*0*0912*1**0~DTM*472*20260603~CAS*CO*96*1500*1~REF*6R*CX156417X67724.001~LQ*HE*N130~SVC*HC:H0035*1500*0*0912*1**0~DTM*472*20260604~CAS*CO*96*1500*1~REF*6R*CX156417X67725.002~LQ*HE*N130~SVC*HC:H0035*1500*0*0912*1**0~DTM*472*20260605~CAS*CO*96*1500*1~REF*6R*CX156417X67726.002~LQ*HE*N130~PLB*1417971904*20261231*L6:PLBL6-14.407444723*-14.4~SE*579*000000001~ST*835*000000002~BPR*I*784*C*ACH*CCP*01*043301627*DA*1069954659C*1341858379**01*121000248*DA*4122170038*20260618~TRN*1*1250492601*1341858379~DTM*405*20260616~N1*PR*INDEPENDENCE BLUE CROSS, LLC~N3*1901 MARKET STREET~N4*PHILADELPHIA*PA*19103~REF*2U*SX055~PER*CX*EDI SUPPORT TEAM*FX*4408355656*TE*4408353511~PER*BL*EDI SUPPORT TEAM~N1*PE*PA THE RENFREW CENTERS*XX*1417971904~N3*PO BOX 823700~N4*PHILADELPHIA*PA*19182~REF*TJ*200994813~LX*1~CLP*CX155998X4*1*1500*784**HM*20260603552909*13*2~NM1*QC*1*TURNER*CAROLINE****MI*VYW202855069~REF*CE*3470280~DTM*232*20260527~DTM*233*20260528~DTM*050*20260612~PER*CX**TE*4408353511~AMT*AU*784~SVC*HC:S9480*750*392*0905*1**0~DTM*472*20260527~CAS*CO*45*358*1~REF*6R*CX155998X67717.002~AMT*B6*392~SVC*HC:S9480*750*392*0905*1**0~DTM*472*20260528~CAS*CO*45*358*1~REF*6R*CX155998X67718.001~AMT*B6*392~SE*34*000000002~GE*2*673605673~IEA*1*673605673~