ISA*00*          *00*          *ZZ*CHC            *ZZ*00962249       *260622*0616*^*00501*146407545*0*P*:~GS*HP*CHC*00962249*20260622*06163200*146407545*X*005010X221A1~ST*835*000000001~BPR*I*5463*C*ACH*CCP*01*011900445*DA*0000009046*1066033492**01*121000248*DA*4122170038*20260625~TRN*1*826173000307642*1066033492~REF*EV*133052274~DTM*405*20260622~N1*PR*AETNA~N3*151 FARMINGTON AVENUE~N4*HARTFORD*CT*06156~REF*2U*60054~PER*BL*PROVIDER SERVICE~N1*PE*THE RENFREW CENTER OF MASSACHUSETTS, LLC*XX*1346674215~N3*PO BOX 713700~N4*PHILADELPHIA*PA*191713700~REF*PQ*046923740~REF*TJ*463400788~LX*1~TS3*1346674215*22*20261231*4*13500~CLP*CX156823X2*1*2250*828*207*13*E1ADVMBNR0000*13*3~NM1*QC*1*STOLPER*MADELINE~NM1*IL*1*STOLPER*ROBERT****MI*W24079602104~NM1*74*1******C*W240796021~REF*1L*0868654-012-00001-HB~REF*CE*AETNA CHOICE  POS II NET 00339~DTM*232*20260608~DTM*233*20260611~DTM*050*20260618~PER*CX**TE*8886323862~AMT*AU*2250~SVC*HC:S9480*750*276*0905*1~DTM*472*20260608~CAS*CO*45*405~CAS*PR*2*69~REF*6R*CX156823X67729.002~AMT*B6*345~SVC*HC:S9480*750*276*0905*1~DTM*472*20260610~CAS*CO*45*405~CAS*PR*2*69~REF*6R*CX156823X67731.002~AMT*B6*345~SVC*HC:S9480*750*276*0905*1~DTM*472*20260611~CAS*CO*45*405~CAS*PR*2*69~REF*6R*CX156823X67732.002~AMT*B6*345~CLP*CX156821X3*1*4500*1800**13*E1TYVMGRS0000*13*3~NM1*QC*1*KRIVOKRYSENKO*ZOYA~NM1*IL*1*SHYSHYNOVA*INNA****MI*W285581622~REF*G1*074652413~REF*1L*0622709-024-00001- D~REF*CE*AETNA CHOICE  POS II NET 00339~DTM*232*20260609~DTM*233*20260611~DTM*050*20260618~PER*CX**TE*8886323862~AMT*AU*4500~SVC*HC:H0035*1500*600*0912*1~DTM*472*20260609~CAS*CO*45*900~REF*6R*CX156821X67730.003~AMT*B6*600~SVC*HC:H0035*1500*600*0912*1~DTM*472*20260610~CAS*CO*45*900~REF*6R*CX156821X67731.005~AMT*B6*600~SVC*HC:H0035*1500*600*0912*1~DTM*472*20260611~CAS*CO*45*900~REF*6R*CX156821X67732.002~AMT*B6*600~CLP*CX156819X1*1*4500*1800**13*E137VHNM20000*13*4~NM1*QC*1*MOSSMAN*EMMA~NM1*IL*1*MOSSMAN*KURT****MI*W215171097~REF*G1*074710080~REF*1L*0660819-016-00001-EB~REF*CE*AETNA CHOICE  POS II NET 00339~DTM*232*20260608~DTM*233*20260611~DTM*050*20260618~PER*CX**TE*8886323862~AMT*AU*4500~SVC*HC:H0035*1500*600*0912*1~DTM*472*20260608~CAS*CO*45*900~REF*6R*CX156819X67729.002~AMT*B6*600~SVC*HC:H0035*1500*600*0912*1~DTM*472*20260610~CAS*CO*45*900~REF*6R*CX156819X67731.004~AMT*B6*600~SVC*HC:H0035*1500*600*0912*1~DTM*472*20260611~CAS*CO*45*900~REF*6R*CX156819X67732.003~AMT*B6*600~CLP*CX156824X3*1*2250*1035**13*E2PDVHNPL0000*13*3~NM1*QC*1*MURPHY*CHARLOTTE~NM1*IL*1*MURPHY*JEANINE****MI*W047263833~REF*1L*0657263-010-00121-CA~REF*CE*AETNA CHOICE  POS II NET 00339~DTM*232*20260608~DTM*233*20260611~DTM*050*20260618~PER*CX**TE*8886323862~AMT*AU*2250~SVC*HC:S9480*750*345*0905*1~DTM*472*20260608~CAS*CO*45*405~REF*6R*CX156824X67729.003~AMT*B6*345~SVC*HC:S9480*750*345*0905*1~DTM*472*20260610~CAS*CO*45*405~REF*6R*CX156824X67731.003~AMT*B6*345~SVC*HC:S9480*750*345*0905*1~DTM*472*20260611~CAS*CO*45*405~REF*6R*CX156824X67732.003~AMT*B6*345~SE*124*000000001~ST*835*000000002~BPR*I*1035*C*ACH*CCP*01*031100209*DA*0000009108*1066033492**01*121000248*DA*4122170038*20260625~TRN*1*826173000307664*1066033492~REF*EV*133052274~DTM*405*20260622~N1*PR*AETNA~N3*151 FARMINGTON AVENUE~N4*HARTFORD*CT*06156~REF*2U*60054~PER*BL*PROVIDER SERVICE~N1*PE*THE RENFREW CENTER OF MASSACHUSETTS, LLC*XX*1346674215~N3*PO BOX 713700~N4*PHILADELPHIA*PA*191713700~REF*PQ*046923740~REF*TJ*463400788~LX*1~TS3*1346674215*22*20261231*1*2250~CLP*CX156854X1*1*2250*1035**13*E2Y2VJP9K0000*13*4~NM1*QC*1*DONNELLY*MELISSA~NM1*IL*1*DONNELLY*MICHAEL****MI*W292679995~REF*1L*0237219-011-00020-BL~REF*CE*AETNA OPEN ACCESS  MANAGED CHOICE NET 00339~DTM*232*20260608~DTM*233*20260611~DTM*050*20260618~PER*CX**TE*8886323862~AMT*AU*2250~SVC*HC:S9480:95*750*345*0905*1~DTM*472*20260608~CAS*CO*45*405~REF*6R*CX156854X67729.002~AMT*B6*345~SVC*HC:S9480:95*750*345*0905*1~DTM*472*20260610~CAS*CO*45*405~REF*6R*CX156854X67731.001~AMT*B6*345~SVC*HC:S9480:95*750*345*0905*1~DTM*472*20260611~CAS*CO*45*405~REF*6R*CX156854X67732.002~AMT*B6*345~SE*43*000000002~GE*2*146407545~IEA*1*146407545~