ISA*00*          *00*          *ZZ*CHC            *ZZ*00962249       *260612*0707*^*00501*346607221*0*P*:~GS*HP*CHC*00962249*20260612*07071200*346607221*X*005010X221A1~ST*835*000000001~BPR*I*20093*C*ACH*CCP*01*124384877*DA*1470858534*1411289245*000087726*01*121000248*DA*4122170038*20260616~TRN*1*W362280952*1411289245*000087726~REF*EV*B00099999800~REF*F2*1083~DTM*405*20260611~N1*PR*UNITED HEALTHCARE INSURANCE COMPANY~N3*9900 BREN ROAD~N4*MINNETONKA*MN*553439664~REF*2U*87726~PER*CX*ATLANTA SERVICE CENTER*TE*8778423210~PER*BL*UNKNOWN*UR*WWW.UNITEDHEALTHCAREONLINE.COM/B2C/CONTACTUS.DO~N1*PE*THE RENFREW CENTER OF PENNSYLVANIA LLC*XX*1417971904~N3*PO BOX 823700~N4*PHILADELPHIA*PA*19182~REF*TJ*200994813~LX*1~TS3*1417971904*11*20261231*5*53250~CLP*CX155510X1*1*21000*7847**14*FU17345629 0087134976*11*3**887~NM1*QC*1*FOX*FAITH~NM1*IL*1*FOX*FAITH****MI*926780481~NM1*74*1**PHILIP*R~REF*EA*IDX135102X4~REF*G1*TS9QQT-01~REF*1L*920923~REF*CE*NEX OA~REF*BB*TS9QQT01~DTM*232*20260511~DTM*233*20260517~DTM*050*20260519~PER*CX*GREENSBORO SERVICE CENTER*TE*8778423210~AMT*AU*21000~SVC*NU:1001*3000*1121**1~DTM*150*20260511~DTM*151*20260517~CAS*CO*45*1879~REF*6R*CX155510X67701.003~AMT*B6*1121~SVC*NU:1001*3000*1121**1~DTM*150*20260511~DTM*151*20260517~CAS*CO*45*1879~REF*6R*CX155510X67702.003~AMT*B6*1121~SVC*NU:1001*3000*1121**1~DTM*150*20260511~DTM*151*20260517~CAS*CO*45*1879~REF*6R*CX155510X67703.005~AMT*B6*1121~SVC*NU:1001*3000*1121**1~DTM*150*20260511~DTM*151*20260517~CAS*CO*45*1879~REF*6R*CX155510X67704.004~AMT*B6*1121~SVC*NU:1001*3000*1121**1~DTM*150*20260511~DTM*151*20260517~CAS*CO*45*1879~REF*6R*CX155510X67705.002~AMT*B6*1121~SVC*NU:1001*3000*1121**1~DTM*150*20260511~DTM*151*20260517~CAS*CO*45*1879~REF*6R*CX155510X67706.003~AMT*B6*1121~SVC*NU:1001*3000*1121**1~DTM*150*20260511~DTM*151*20260517~CAS*CO*45*1879~REF*6R*CX155510X67707.003~AMT*B6*1121~CLP*CX155512X3*1*18000*6726**13*FU17345631 0010933490*11*2**883~NM1*QC*1*HAGENBUCH*PAIGE~NM1*IL*1*HAGENBUCH*STEVE****MI*967006133~NM1*74*1**STEVEN*P~REF*CE*CHOYC+~REF*EA*IDX135715X3~REF*BB*AMF1HK01~REF*1L*903046~REF*G1*AMF1HK-01~DTM*232*20260512~DTM*233*20260517~DTM*050*20260519~PER*CX*BUFFALO SERVICE CENTER*TE*8778423210~AMT*AU*18000~SVC*NU:1001*3000*1121**1~DTM*150*20260512~DTM*151*20260517~CAS*CO*45*1879~REF*6R*CX155512X67702.004~AMT*B6*1121~SVC*NU:1001*3000*1121**1~DTM*150*20260512~DTM*151*20260517~CAS*CO*45*1879~REF*6R*CX155512X67703.006~AMT*B6*1121~SVC*NU:1001*3000*1121**1~DTM*150*20260512~DTM*151*20260517~CAS*CO*45*1879~REF*6R*CX155512X67704.003~AMT*B6*1121~SVC*NU:1001*3000*1121**1~DTM*150*20260512~DTM*151*20260517~CAS*CO*45*1879~REF*6R*CX155512X67705.004~AMT*B6*1121~SVC*NU:1001*3000*1121**1~DTM*150*20260512~DTM*151*20260517~CAS*CO*45*1879~REF*6R*CX155512X67706.004~AMT*B6*1121~SVC*NU:1001*3000*1121**1~DTM*150*20260512~DTM*151*20260517~CAS*CO*45*1879~REF*6R*CX155512X67707.003~AMT*B6*1121~CLP*CX155546X1*1*6000*2316**13*FU22396528 0368686175*13*3~NM1*QC*1*NGUYEN*MICHELLE~NM1*IL*1*NGUYEN*MILLER****MI*971084356~REF*EA*IDX114450X10~REF*BB*9L1YDJ01~REF*1L*921741~REF*CE*CHOYC+~DTM*232*20260511~DTM*233*20260514~DTM*050*20260520~PER*CX*GREENSBORO SERVICE CENTER*TE*8778423210~AMT*AU*6000~SVC*HC:H0035*1500*579*0912*1~DTM*150*20260511~DTM*151*20260514~CAS*CO*45*921~REF*6R*CX155546X67701.003~AMT*B6*579~SVC*HC:H0035*1500*579*0912*1~DTM*150*20260511~DTM*151*20260514~CAS*CO*45*921~REF*6R*CX155546X67702.004~AMT*B6*579~SVC*HC:H0035*1500*579*0912*1~DTM*150*20260511~DTM*151*20260514~CAS*CO*45*921~REF*6R*CX155546X67703.003~AMT*B6*579~SVC*HC:H0035*1500*579*0912*1~DTM*150*20260511~DTM*151*20260514~CAS*CO*45*921~REF*6R*CX155546X67704.002~AMT*B6*579~CLP*CX156426X1*1*2250*888**13*FU91799824 0368927455*13*3~NM1*QC*1*NGUYEN*MICHELLE~NM1*IL*1*NGUYEN*MILLER****MI*971084356~REF*CE*CHOYC+~REF*G1*ZPKNQR-01~REF*1L*921741~REF*BB*ZPKNQR01~REF*EA*IDX114450X11~DTM*232*20260602~DTM*233*20260605~DTM*050*20260610~PER*CX*GREENSBORO SERVICE CENTER*TE*8778423210~AMT*AU*2250~SVC*HC:S9480*750*296*0905*1~DTM*150*20260602~DTM*151*20260605~CAS*CO*45*454~REF*6R*CX156426X67723.003~AMT*B6*296~SVC*HC:S9480*750*296*0905*1~DTM*150*20260602~DTM*151*20260605~CAS*CO*45*454~REF*6R*CX156426X67725.003~AMT*B6*296~SVC*HC:S9480*750*296*0905*1~DTM*150*20260602~DTM*151*20260605~CAS*CO*45*454~REF*6R*CX156426X67726.002~AMT*B6*296~CLP*CX156443X1*1*6000*2316**14*FU91799845 0087221331*13*4~NM1*QC*1*BULL*LILLIAN~NM1*IL*1*BULL*JESSE****MI*995586188~REF*1L*920923~REF*BB*RTQSSG01~REF*CE*CHOYC~REF*EA*IDX135275X5~DTM*232*20260601~DTM*233*20260605~DTM*050*20260610~PER*CX*GREENSBORO SERVICE CENTER*TE*8778423210~AMT*AU*6000~SVC*HC:H0035*1500*579*0912*1~DTM*150*20260601~DTM*151*20260605~CAS*CO*45*921~REF*6R*CX156443X67722.003~AMT*B6*579~SVC*HC:H0035*1500*579*0912*1~DTM*150*20260601~DTM*151*20260605~CAS*CO*45*921~REF*6R*CX156443X67723.002~AMT*B6*579~SVC*HC:H0035*1500*579*0912*1~DTM*150*20260601~DTM*151*20260605~CAS*CO*45*921~REF*6R*CX156443X67725.004~AMT*B6*579~SVC*HC:H0035*1500*579*0912*1~DTM*150*20260601~DTM*151*20260605~CAS*CO*45*921~REF*6R*CX156443X67726.004~AMT*B6*579~SE*228*000000001~GE*1*346607221~IEA*1*346607221~