ISA*00*          *00*          *ZZ*CHC            *ZZ*00962249       *260610*0814*^*00501*243406323*0*P*:~GS*HP*CHC*00962249*20260610*08142100*243406323*X*005010X221A1~ST*835*000000001~BPR*I*696*C*CHK************20260603~TRN*1*964952299*1411648670~REF*EV*133052274~REF*F2*PM~DTM*405*20260610~N1*PR*EVERNORTH BEHAVIORAL HEALTH, INC.~N3*P.O. BOX 182223~N4*CHATTANOOGA*TN*374227223~REF*2U*62308~PER*BL*EDI HELP DESK*TE*8008103388~N1*PE*RENFREW CTR OF MA*XX*1346674215~N3*PO BOX 713700~N4*PHILADELPHIA*PA*191713700~REF*TJ*463400788~LX*1~TS3*1346674215*13*20261231*1*1500~CLP*CX156186X2*1*1500*696**13*4682615494999*13*3~NM1*QC*1*CRANDELL*LILY****MI*U3474679604~NM1*IL*1*CRANDEL*MATTHEW****MI*U3474679601~REF*1L*3329926~REF*CE*OPEN ACCESS PLUS~REF*EA*IDX133149X12~DTM*050*20260603~DTM*232*20260526~DTM*233*20260528~PER*CX*MEMBER SERVICES*TE*8002446224~AMT*AU*696~SVC*HC:S9480:95*750*348*0905*1~DTM*150*20260526~DTM*151*20260526~CAS*CO*45*402~REF*6R*CX156186X67716.001~AMT*B6*348~SVC*HC:S9480:95*750*348*0905*1~DTM*150*20260528~DTM*151*20260528~CAS*CO*45*402~REF*6R*CX156186X67718.003~AMT*B6*348~SE*41*000000001~GE*1*243406323~IEA*1*243406323~