ISA*00*          *00*          *ZZ*CHC            *ZZ*00962249       *260619*0345*^*00501*979805496*0*P*:~GS*HP*CHC*00962249*20260619*03455100*979805496*X*005010X221A1~ST*835*000000001~BPR*I*37256*C*ACH*CCP*01*124384877*DA*1470858534*1411289245*000087726*01*121000248*DA*4122170038*20260624~TRN*1*W362975146*1411289245*000087726~REF*EV*B00099999800~REF*F2*1083~DTM*405*20260618~N1*PR*UNITED HEALTHCARE INSURANCE COMPANY~N3*9900 BREN ROAD~N4*MINNETONKA*MN*553439664~REF*2U*87726~PER*CX*ATLANTA SERVICE CENTER*TE*8778423210~PER*BL*UNKNOWN*UR*WWW.UNITEDHEALTHCAREONLINE.COM/B2C/CONTACTUS.DO~N1*PE*THE RENFREW CENTER OF PENNSYLVANIA LLC*XX*1417971904~N3*PO BOX 823700~N4*PHILADELPHIA*PA*19182~REF*TJ*200994813~LX*1~TS3*1417971904*11*20261231*9*99000~CLP*CX155744X2*1*21000*7847**13*FU43502297 0010946342*11*3**883~NM1*QC*1*HAGENBUCH*PAIGE~NM1*IL*1*HAGENBUCH*STEVE****MI*967006133~NM1*74*1**STEVEN*P~REF*G1*AMF1HK-01~REF*BB*AMF1HK01~REF*CE*CHOYC+~REF*1L*903046~REF*EA*IDX135715X3~DTM*232*20260518~DTM*233*20260524~DTM*050*20260527~PER*CX*BUFFALO SERVICE CENTER*TE*8778423210~AMT*AU*21000~SVC*NU:1001*3000*1121**1~DTM*150*20260518~DTM*151*20260524~CAS*CO*45*1879~REF*6R*CX155744X67708.005~AMT*B6*1121~SVC*NU:1001*3000*1121**1~DTM*150*20260518~DTM*151*20260524~CAS*CO*45*1879~REF*6R*CX155744X67709.003~AMT*B6*1121~SVC*NU:1001*3000*1121**1~DTM*150*20260518~DTM*151*20260524~CAS*CO*45*1879~REF*6R*CX155744X67710.003~AMT*B6*1121~SVC*NU:1001*3000*1121**1~DTM*150*20260518~DTM*151*20260524~CAS*CO*45*1879~REF*6R*CX155744X67711.004~AMT*B6*1121~SVC*NU:1001*3000*1121**1~DTM*150*20260518~DTM*151*20260524~CAS*CO*45*1879~REF*6R*CX155744X67712.004~AMT*B6*1121~SVC*NU:1001*3000*1121**1~DTM*150*20260518~DTM*151*20260524~CAS*CO*45*1879~REF*6R*CX155744X67713.003~AMT*B6*1121~SVC*NU:1001*3000*1121**1~DTM*150*20260518~DTM*151*20260524~CAS*CO*45*1879~REF*6R*CX155744X67714.003~AMT*B6*1121~CLP*CX155772X1*1*6000*2316**13*FU43502631 0368972348*13*3~NM1*QC*1*NGUYEN*MICHELLE~NM1*IL*1*NGUYEN*MILLER****MI*971084356~REF*EA*IDX114450X10~REF*CE*CHOYC+~REF*1L*921741~REF*BB*9L1YDJ01~DTM*232*20260518~DTM*233*20260522~DTM*050*20260527~PER*CX*GREENSBORO SERVICE CENTER*TE*8778423210~AMT*AU*6000~SVC*HC:H0035*1500*579*0912*1~DTM*150*20260518~DTM*151*20260522~CAS*CO*45*921~REF*6R*CX155772X67708.004~AMT*B6*579~SVC*HC:H0035*1500*579*0912*1~DTM*150*20260518~DTM*151*20260522~CAS*CO*45*921~REF*6R*CX155772X67709.004~AMT*B6*579~SVC*HC:H0035*1500*579*0912*1~DTM*150*20260518~DTM*151*20260522~CAS*CO*45*921~REF*6R*CX155772X67711.004~AMT*B6*579~SVC*HC:H0035*1500*579*0912*1~DTM*150*20260518~DTM*151*20260522~CAS*CO*45*921~REF*6R*CX155772X67712.004~AMT*B6*579~CLP*CX155743X1*1*21000*7847**14*FU43502636 0087241327*11*3**887~NM1*QC*1*FOX*FAITH~NM1*IL*1*FOX*FAITH****MI*926780481~NM1*74*1**PHILIP*R~REF*BB*TS9QQT01~REF*EA*IDX135102X4~REF*1L*920923~REF*CE*NEX OA~REF*G1*TS9QQT-01~DTM*232*20260518~DTM*233*20260524~DTM*050*20260527~PER*CX*GREENSBORO SERVICE CENTER*TE*8778423210~AMT*AU*21000~SVC*NU:1001*3000*1121**1~DTM*150*20260518~DTM*151*20260524~CAS*CO*45*1879~REF*6R*CX155743X67708.002~AMT*B6*1121~SVC*NU:1001*3000*1121**1~DTM*150*20260518~DTM*151*20260524~CAS*CO*45*1879~REF*6R*CX155743X67709.003~AMT*B6*1121~SVC*NU:1001*3000*1121**1~DTM*150*20260518~DTM*151*20260524~CAS*CO*45*1879~REF*6R*CX155743X67710.004~AMT*B6*1121~SVC*NU:1001*3000*1121**1~DTM*150*20260518~DTM*151*20260524~CAS*CO*45*1879~REF*6R*CX155743X67711.003~AMT*B6*1121~SVC*NU:1001*3000*1121**1~DTM*150*20260518~DTM*151*20260524~CAS*CO*45*1879~REF*6R*CX155743X67712.003~AMT*B6*1121~SVC*NU:1001*3000*1121**1~DTM*150*20260518~DTM*151*20260524~CAS*CO*45*1879~REF*6R*CX155743X67713.003~AMT*B6*1121~SVC*NU:1001*3000*1121**1~DTM*150*20260518~DTM*151*20260524~CAS*CO*45*1879~REF*6R*CX155743X67714.003~AMT*B6*1121~CLP*CX156436X1*1*2250*888**13*FU91799825 0100680434*13*3~NM1*QC*1*NIEVES*LONDON~NM1*IL*1*NIEVES*LESLIE****MI*986559189~NM1*74*1***A~REF*CE*CHOYC+~REF*G1*3J416L-01~REF*BB*3J416L01~REF*1L*931119~REF*EA*IDX135613X5~DTM*232*20260601~DTM*233*20260604~DTM*050*20260610~PER*CX*RICHARDSON/SPRGFLD SRVC CNTR*TE*8778423210~AMT*AU*2250~SVC*HC:S9480:95*750*296*0905*1~DTM*150*20260601~DTM*151*20260604~CAS*CO*45*454~REF*6R*CX156436X67722.003~AMT*B6*296~SVC*HC:S9480:95*750*296*0905*1~DTM*150*20260601~DTM*151*20260604~CAS*CO*45*454~REF*6R*CX156436X67724.002~AMT*B6*296~SVC*HC:S9480:95*750*296*0905*1~DTM*150*20260601~DTM*151*20260604~CAS*CO*45*454~REF*6R*CX156436X67725.002~AMT*B6*296~CLP*CX155975X2*1*21000*7847**13*FU64039517 0010958608*11*3**883~NM1*QC*1*HAGENBUCH*PAIGE~NM1*IL*1*HAGENBUCH*STEVE****MI*967006133~NM1*74*1**STEVEN*P~REF*1L*903046~REF*EA*IDX135715X3~REF*G1*AMF1HK-01~REF*BB*AMF1HK01~REF*CE*CHOYC+~DTM*232*20260525~DTM*233*20260531~DTM*050*20260602~PER*CX*BUFFALO SERVICE CENTER*TE*8778423210~AMT*AU*21000~SVC*NU:1001*3000*1121**1~DTM*150*20260525~DTM*151*20260531~CAS*CO*45*1879~REF*6R*CX155975X67715.004~AMT*B6*1121~SVC*NU:1001*3000*1121**1~DTM*150*20260525~DTM*151*20260531~CAS*CO*45*1879~REF*6R*CX155975X67716.003~AMT*B6*1121~SVC*NU:1001*3000*1121**1~DTM*150*20260525~DTM*151*20260531~CAS*CO*45*1879~REF*6R*CX155975X67717.006~AMT*B6*1121~SVC*NU:1001*3000*1121**1~DTM*150*20260525~DTM*151*20260531~CAS*CO*45*1879~REF*6R*CX155975X67718.004~AMT*B6*1121~SVC*NU:1001*3000*1121**1~DTM*150*20260525~DTM*151*20260531~CAS*CO*45*1879~REF*6R*CX155975X67719.005~AMT*B6*1121~SVC*NU:1001*3000*1121**1~DTM*150*20260525~DTM*151*20260531~CAS*CO*45*1879~REF*6R*CX155975X67720.004~AMT*B6*1121~SVC*NU:1001*3000*1121**1~DTM*150*20260525~DTM*151*20260531~CAS*CO*45*1879~REF*6R*CX155975X67721.002~AMT*B6*1121~CLP*CX155974X1*1*21000*7847**14*FU64039518 0087344077*11*3**887~NM1*QC*1*FOX*FAITH~NM1*IL*1*FOX*FAITH****MI*926780481~NM1*74*1**PHILIP*R~REF*G1*TS9QQT-01~REF*CE*NEX OA~REF*BB*TS9QQT01~REF*1L*920923~REF*EA*IDX135102X4~DTM*232*20260525~DTM*233*20260531~DTM*050*20260602~PER*CX*GREENSBORO SERVICE CENTER*TE*8778423210~AMT*AU*21000~SVC*NU:1001*3000*1121**1~DTM*150*20260525~DTM*151*20260531~CAS*CO*45*1879~REF*6R*CX155974X67715.003~AMT*B6*1121~SVC*NU:1001*3000*1121**1~DTM*150*20260525~DTM*151*20260531~CAS*CO*45*1879~REF*6R*CX155974X67716.003~AMT*B6*1121~SVC*NU:1001*3000*1121**1~DTM*150*20260525~DTM*151*20260531~CAS*CO*45*1879~REF*6R*CX155974X67717.005~AMT*B6*1121~SVC*NU:1001*3000*1121**1~DTM*150*20260525~DTM*151*20260531~CAS*CO*45*1879~REF*6R*CX155974X67718.001~AMT*B6*1121~SVC*NU:1001*3000*1121**1~DTM*150*20260525~DTM*151*20260531~CAS*CO*45*1879~REF*6R*CX155974X67719.002~AMT*B6*1121~SVC*NU:1001*3000*1121**1~DTM*150*20260525~DTM*151*20260531~CAS*CO*45*1879~REF*6R*CX155974X67720.002~AMT*B6*1121~SVC*NU:1001*3000*1121**1~DTM*150*20260525~DTM*151*20260531~CAS*CO*45*1879~REF*6R*CX155974X67721.003~AMT*B6*1121~CLP*CX156665X1*1*2250*888**13*FV16120151 0369428757*13*3~NM1*QC*1*NGUYEN*MICHELLE~NM1*IL*1*NGUYEN*MILLER****MI*971084356~REF*G1*ZPKNQR-01~REF*BB*ZPKNQR01~REF*CE*CHOYC+~REF*EA*IDX114450X11~REF*1L*921741~DTM*232*20260609~DTM*233*20260611~DTM*050*20260617~PER*CX*GREENSBORO SERVICE CENTER*TE*8778423210~AMT*AU*2250~SVC*HC:S9480*750*296*0905*1~DTM*150*20260609~DTM*151*20260611~CAS*CO*45*454~REF*6R*CX156665X67730.003~AMT*B6*296~SVC*HC:S9480*750*296*0905*1~DTM*150*20260609~DTM*151*20260611~CAS*CO*45*454~REF*6R*CX156665X67731.003~AMT*B6*296~SVC*HC:S9480*750*296*0905*1~DTM*150*20260609~DTM*151*20260611~CAS*CO*45*454~REF*6R*CX156665X67732.003~AMT*B6*296~CLP*CX156677X1*1*2250*888**13*FV16120155 0101148293*13*3~NM1*QC*1*NIEVES*LONDON~NM1*IL*1*NIEVES*LESLIE****MI*986559189~NM1*74*1***A~REF*G1*3J416L-01~REF*CE*CHOYC+~REF*1L*931119~REF*EA*IDX135613X5~REF*BB*3J416L01~DTM*232*20260608~DTM*233*20260611~DTM*050*20260617~PER*CX*RICHARDSON/SPRGFLD SRVC CNTR*TE*8778423210~AMT*AU*2250~SVC*HC:S9480:95*750*296*0905*1~DTM*150*20260608~DTM*151*20260611~CAS*CO*45*454~REF*6R*CX156677X67729.002~AMT*B6*296~SVC*HC:S9480:95*750*296*0905*1~DTM*150*20260608~DTM*151*20260611~CAS*CO*45*454~REF*6R*CX156677X67731.001~AMT*B6*296~SVC*HC:S9480:95*750*296*0905*1~DTM*150*20260608~DTM*151*20260611~CAS*CO*45*454~REF*6R*CX156677X67732.002~AMT*B6*296~CLP*CX156682X1*1*2250*888**14*FV18699374 0087356778*13*2~NM1*QC*1*BULL*LILLIAN~NM1*IL*1*BULL*JESSE****MI*995586188~REF*G1*JFNQFY-01~REF*EA*IDX135275X6~REF*CE*CHOYC~REF*1L*920923~REF*BB*JFNQFY01~DTM*232*20260608~DTM*233*20260611~DTM*050*20260617~PER*CX*GREENSBORO SERVICE CENTER*TE*8778423210~AMT*AU*2250~SVC*HC:S9480*750*296*0905*1~DTM*150*20260608~DTM*151*20260611~CAS*CO*45*454~REF*6R*CX156682X67729.002~AMT*B6*296~SVC*HC:S9480*750*296*0905*1~DTM*150*20260608~DTM*151*20260611~CAS*CO*45*454~REF*6R*CX156682X67731.003~AMT*B6*296~SVC*HC:S9480*750*296*0905*1~DTM*150*20260608~DTM*151*20260611~CAS*CO*45*454~REF*6R*CX156682X67732.001~AMT*B6*296~SE*405*000000001~ST*835*000000002~BPR*I*592*C*ACH*CCP*01*124384877*DA*1470858534*1411289245*000087726*01*121000248*DA*4122170038*20260624~TRN*1*26170B1000030555*1411289245*000087726~REF*EV*B00099999800~DTM*405*20260619~N1*PR*UNITED HEALTHCARE INSURANCE COMPANY~N3*PO BOX 30755~N4*SALT LAKE CITY*UT*841300755~REF*2U*87726~PER*CX*UNITED BEHAVIORAL HEALTH*TE*8003338724~PER*BL*UNKNOWN*UR*WWW.UNITEDHEALTHCAREONLINE.COM/B2C/CONTACTUS.DO~N1*PE*THE RENFREW CENTER OF PENNSYLVANIA LLC*XX*1417971904~N3*PO BOX 823700~N4*PHILADELPHIA*PA*19182~REF*TJ*200994813~LX*1~CLP*CX156684X1*1*1500*592**15*26XF35833700*13*3~NM1*QC*1*STEWART*MAISIE****MI*16062769903~NM1*IL*1*DEIBERT*ALLISON****MI*W232569356~NM1*74*1******C*160627699~REF*G1*49X9XW-01~REF*1L*10530~REF*CE*RENFREW CENTERS~REF*EA*IDX115579X26~DTM*232*20260608~DTM*233*20260610~DTM*050*20260617~AMT*AU*592~SVC*HC:S9480*750*296*0905*1~DTM*472*20260608~CAS*CO*45*454~REF*6R*CX156684X67729.002~AMT*B6*296~SVC*HC:S9480*750*296*0905*1~DTM*472*20260610~CAS*CO*45*454~REF*6R*CX156684X67731.004~AMT*B6*296~SE*39*000000002~GE*2*979805496~IEA*1*979805496~