ISA*00*          *00*          *ZZ*CHC            *ZZ*00962249       *260601*0618*^*00501*326604534*0*P*:~GS*HP*CHC*00962249*20260601*06181800*326604534*X*005010X221A1~ST*835*000000001~BPR*I*1035*C*ACH*CCP*01*031100209*DA*0000009108*1066033492**01*121000248*DA*4122170038*20260604~TRN*1*826152000292253*1066033492~REF*EV*133052274~DTM*405*20260601~N1*PR*AETNA~N3*151 FARMINGTON AVENUE~N4*HARTFORD*CT*06156~REF*2U*60054~PER*BL*PROVIDER SERVICE~N1*PE*THE RENFREW CENTER OF MASSACHUSETTS, LLC*XX*1346674215~N3*PO BOX 713700~N4*PHILADELPHIA*PA*191713700~REF*PQ*046923740~REF*TJ*463400788~LX*1~TS3*1346674215*22*20261231*1*2250~CLP*CX155947X1*1*2250*1035**13*EWPDT5GNQ0000*13*3~NM1*QC*1*DONNELLY*MELISSA~NM1*IL*1*DONNELLY*MICHAEL****MI*W292679995~REF*1L*0237219-011-00020-BL~REF*CE*AETNA OPEN ACCESS  MANAGED CHOICE NET 00339~DTM*232*20260518~DTM*233*20260520~DTM*050*20260526~PER*CX**TE*8886323862~AMT*AU*2250~SVC*HC:S9480:95*750*345*0905*1~DTM*472*20260518~CAS*CO*45*405~REF*6R*CX155947X67708.002~AMT*B6*345~SVC*HC:S9480:95*750*345*0905*1~DTM*472*20260519~CAS*CO*45*405~REF*6R*CX155947X67709.001~AMT*B6*345~SVC*HC:S9480:95*750*345*0905*1~DTM*472*20260520~CAS*CO*45*405~REF*6R*CX155947X67710.002~AMT*B6*345~SE*43*000000001~ST*835*000000002~BPR*I*4755*C*ACH*CCP*01*011900445*DA*0000009046*1066033492**01*121000248*DA*4122170038*20260604~TRN*1*826152000292260*1066033492~REF*EV*133052274~DTM*405*20260601~N1*PR*AETNA~N3*151 FARMINGTON AVENUE~N4*HARTFORD*CT*06156~REF*2U*60054~PER*BL*PROVIDER SERVICE~N1*PE*THE RENFREW CENTER OF MASSACHUSETTS, LLC*XX*1346674215~N3*PO BOX 713700~N4*PHILADELPHIA*PA*191713700~REF*PQ*046923740~REF*TJ*463400788~LX*1~TS3*1346674215*22*20261231*4*12750~CLP*CX155917X4*1*1500*690**13*EVTYT29310000*13*3~NM1*QC*1*MURPHY*CHARLOTTE~NM1*IL*1*MURPHY*JEANINE****MI*W047263833~REF*1L*0657263-010-00121-CA~REF*CE*AETNA CHOICE  POS II NET 00339~DTM*232*20260520~DTM*233*20260521~DTM*050*20260526~PER*CX**TE*8886323862~AMT*AU*1500~SVC*HC:S9480*750*345*0905*1~DTM*472*20260520~CAS*CO*45*405~REF*6R*CX155917X67710.004~AMT*B6*345~SVC*HC:S9480*750*345*0905*1~DTM*472*20260521~CAS*CO*45*405~REF*6R*CX155917X67711.003~AMT*B6*345~CLP*CX155914X1*1*750*345**13*EWFDT5CRV0000*13*4~NM1*QC*1*GREEN-KABERMAN*SASHA~NM1*IL*1*KABERMAN*MARK****MI*W292367916~REF*1L*0837053-014-00101-PO~REF*CE*AETNA CHOICE  POS II NET 00339~DTM*232*20260519~DTM*233*20260519~DTM*050*20260526~PER*CX**TE*8886323862~AMT*AU*750~SVC*HC:S9480*750*345*0905*1~DTM*472*20260519~CAS*CO*45*405~REF*6R*CX155914X67709.003~AMT*B6*345~CLP*CX155911X1*1*4500*1800**13*EWY2T3W1Y0000*13*3~NM1*QC*1*MOSSMAN*EMMA~NM1*IL*1*MOSSMAN*KURT****MI*W215171097~REF*G1*074710080~REF*1L*0660819-016-00001-EB~REF*CE*AETNA CHOICE  POS II NET 00339~DTM*232*20260518~DTM*233*20260520~DTM*050*20260526~PER*CX**TE*8886323862~AMT*AU*4500~SVC*HC:H0035*1500*600*0912*1~DTM*472*20260518~CAS*CO*45*900~REF*6R*CX155911X67708.003~AMT*B6*600~SVC*HC:H0035*1500*600*0912*1~DTM*472*20260519~CAS*CO*45*900~REF*6R*CX155911X67709.003~AMT*B6*600~SVC*HC:H0035*1500*600*0912*1~DTM*472*20260520~CAS*CO*45*900~REF*6R*CX155911X67710.003~AMT*B6*600~CLP*CX155913X3*1*6000*1920*480*13*EXADT1LH00000*13*3~NM1*QC*1*KRIVOKRYSENKO*ZOYA~NM1*IL*1*SHYSHYNOVA*INNA****MI*W285581622~REF*G1*074652413~REF*1L*0622709-024-00001- D~REF*CE*AETNA CHOICE  POS II NET 00339~DTM*232*20260518~DTM*233*20260522~DTM*050*20260526~PER*CX**TE*8886323862~AMT*AU*6000~SVC*HC:H0035*1500*480*0912*1~DTM*472*20260518~CAS*CO*45*900~CAS*PR*2*120~REF*6R*CX155913X67708.004~AMT*B6*600~SVC*HC:H0035*1500*480*0912*1~DTM*472*20260519~CAS*CO*45*900~CAS*PR*2*120~REF*6R*CX155913X67709.004~AMT*B6*600~SVC*HC:H0035*1500*480*0912*1~DTM*472*20260520~CAS*CO*45*900~CAS*PR*2*120~REF*6R*CX155913X67710.003~AMT*B6*600~SVC*HC:H0035*1500*480*0912*1~DTM*472*20260522~CAS*CO*45*900~CAS*PR*2*120~REF*6R*CX155913X67712.005~AMT*B6*600~SE*114*000000002~GE*2*326604534~IEA*1*326604534~