ISA*00*          *00*          *ZZ*CHC            *ZZ*00962249       *260615*0616*^*00501*537405860*0*P*:~GS*HP*CHC*00962249*20260615*06163600*537405860*X*005010X221A1~ST*835*000000001~BPR*I*3229*C*ACH*CCP*01*011900445*DA*0000009046*1066033492**01*121000248*DA*4122170038*20260618~TRN*1*826166000216523*1066033492~REF*EV*133052274~DTM*405*20260615~N1*PR*AETNA~N3*151 FARMINGTON AVENUE~N4*HARTFORD*CT*06156~REF*2U*60054~PER*BL*PROVIDER SERVICE~N1*PE*THE RENFREW CENTER OF GEORGIA, LLC*XX*1225373145~N3*PO BOX 713700~N4*PHILADELPHIA*PA*191713700~REF*PQ*774305720~REF*TJ*461429049~LX*1~TS3*1225373145*22*20261231*2*8250~CLP*CX156579X1*1*2250*945**13*EBFDXC5NZ0000*13*4~NM1*QC*1*ERNST*QUINN~NM1*IL*1*ERNST*JACQUELINE****MI*W156979553~REF*1L*0865341-018-00611-BF~REF*CE*AETNA HEALTHFUND  AETNA CHOICE  POS II NET 00393~DTM*232*20260601~DTM*233*20260604~DTM*050*20260611~PER*CX**TE*8886323862~AMT*AU*2250~SVC*HC:S9480*750*315*0905*1~DTM*472*20260601~CAS*CO*45*435~REF*6R*CX156579X67722.003~AMT*B6*315~SVC*HC:S9480*750*315*0905*1~DTM*472*20260602~CAS*CO*45*435~REF*6R*CX156579X67723.003~AMT*B6*315~SVC*HC:S9480*750*315*0905*1~DTM*472*20260604~CAS*CO*45*435~REF*6R*CX156579X67725.003~AMT*B6*315~CLP*CX156615X1*1*6000*2284**13*EBFDXC5PF0000*13*3~NM1*QC*1*WISE*HANNA****MI*W278883664~REF*G1*074870107~REF*1L*0476537-017-00001- H~REF*CE*AETNA CHOICE  POS II NET 00393~DTM*232*20260601~DTM*233*20260604~DTM*050*20260611~PER*CX**TE*8886323862~AMT*AU*6000~SVC*HC:H0035:95*1500*571*0912*1~DTM*472*20260601~CAS*CO*45*929~REF*6R*CX156615X67722.001~AMT*B6*571~SVC*HC:H0035:95*1500*571*0912*1~DTM*472*20260602~CAS*CO*45*929~REF*6R*CX156615X67723.001~AMT*B6*571~SVC*HC:H0035:95*1500*571*0912*1~DTM*472*20260603~CAS*CO*45*929~REF*6R*CX156615X67724.001~AMT*B6*571~SVC*HC:H0035:95*1500*571*0912*1~DTM*472*20260604~CAS*CO*45*929~REF*6R*CX156615X67725.002~AMT*B6*571~SE*73*000000001~GE*1*537405860~IEA*1*537405860~