ISA*00*          *00*          *ZZ*CHC            *ZZ*00962249       *260608*0616*^*00501*932006261*0*P*:~GS*HP*CHC*00962249*20260608*06162900*932006261*X*005010X221A1~ST*835*000000001~BPR*I*3229*C*ACH*CCP*01*011900445*DA*0000009046*1066033492**01*121000248*DA*4122170038*20260611~TRN*1*826159000172769*1066033492~REF*EV*133052274~DTM*405*20260608~N1*PR*AETNA~N3*151 FARMINGTON AVENUE~N4*HARTFORD*CT*06156~REF*2U*60054~PER*BL*PROVIDER SERVICE~N1*PE*THE RENFREW CENTER OF GEORGIA, LLC*XX*1225373145~N3*PO BOX 713700~N4*PHILADELPHIA*PA*191713700~REF*PQ*774305720~REF*TJ*461429049~LX*1~TS3*1225373145*22*20261231*2*8250~CLP*CX156181X1*1*6000*2284**13*ENFDW3DYB0000*13*3~NM1*QC*1*WISE*HANNA****MI*W278883664~REF*G1*074441511~REF*1L*0476537-017-00001- H~REF*CE*AETNA CHOICE  POS II NET 00393~DTM*232*20260526~DTM*233*20260529~DTM*050*20260602~PER*CX**TE*8886323862~AMT*AU*6000~SVC*HC:H0035:95*1500*571*0912*1~DTM*472*20260526~CAS*CO*45*929~REF*6R*CX156181X67716.004~AMT*B6*571~SVC*HC:H0035:95*1500*571*0912*1~DTM*472*20260527~CAS*CO*45*929~REF*6R*CX156181X67717.001~AMT*B6*571~SVC*HC:H0035:95*1500*571*0912*1~DTM*472*20260528~CAS*CO*45*929~REF*6R*CX156181X67718.001~AMT*B6*571~SVC*HC:H0035:95*1500*571*0912*1~DTM*472*20260529~CAS*CO*45*929~REF*6R*CX156181X67719.002~AMT*B6*571~CLP*CX156148X1*1*2250*945**13*ENPDW4P2H0000*13*3~NM1*QC*1*ERNST*QUINN~NM1*IL*1*ERNST*JACQUELINE****MI*W156979553~REF*1L*0865341-018-00611-BF~REF*CE*AETNA HEALTHFUND  AETNA CHOICE  POS II NET 00393~DTM*232*20260526~DTM*233*20260529~DTM*050*20260602~PER*CX**TE*8886323862~AMT*AU*2250~SVC*HC:S9480*750*315*0905*1~DTM*472*20260526~CAS*CO*45*435~REF*6R*CX156148X67716.003~AMT*B6*315~SVC*HC:S9480*750*315*0905*1~DTM*472*20260528~CAS*CO*45*435~REF*6R*CX156148X67718.002~AMT*B6*315~SVC*HC:S9480*750*315*0905*1~DTM*472*20260529~CAS*CO*45*435~REF*6R*CX156148X67719.003~AMT*B6*315~SE*73*000000001~GE*1*932006261~IEA*1*932006261~