ISA*00*          *00*          *ZZ*CHC            *ZZ*00962249       *260712*0633*^*00501*866603503*0*P*:~GS*HP*CHC*00962249*20260712*06335500*866603503*X*005010X221A1~ST*835*000000001~BPR*I*3185*C*ACH*CCP*01*031100225*DA*2079950064280/*1220999690*999999999*01*121000248*DA*4122170038*20260710~TRN*1*0031731675*1220999690*8352026071102078431~REF*EV*1164514691~DTM*405*20260710~N1*PR*HORIZON BCBSNJ~N3*P O  BOX 420~N4*NEWARK*NJ*071010420~REF*2U*22099~PER*BL*HORIZON BCBSNJ*EM*HORIZONEDI@HORIZONBLUE.COM*TE*8883349242~N1*PE*THE RENFREW CENTER OF NEW JERS*XX*1164514691~N3*PO BOX 713700~N4*PHILADELPHIA*PA*191713700~REF*PQ*001368~REF*TJ*223704728~LX*1~CLP*CX156712X3*1*7500*3185**13*780202616918379   00*13*4~NM1*QC*1*BAUMANN*THERESA****MI*YHQ3HZN61712490~NM1*IL*1*BAUMANN*MATHIEU****MI*YHQ3HZN61712490~NM1*74*1******C*YHQ3HZN617124900~NM1*82*2*ASHLEY  HOADLEY*****XX*1821357682~DTM*232*20260608~DTM*233*20260612~DTM*050*20260618~PER*CX*HORIZON BLUE CROSS BLUE SHIELD OF NEW JERSEY DIRECT ACCESS*TE*8886662535~AMT*AU*3185~AMT*T2*3185~SVC*HC:H0035*1500*637*0912*1~DTM*472*20260608~CAS*CO*45*863~REF*6R*CX156712X67729.001~REF*APC*00000~AMT*B6*637~SVC*HC:H0035*1500*637*0912*1~DTM*472*20260609~CAS*CO*45*863~REF*6R*CX156712X67730.003~REF*APC*00000~AMT*B6*637~SVC*HC:H0035*1500*637*0912*1~DTM*472*20260610~CAS*CO*45*863~REF*6R*CX156712X67731.004~REF*APC*00000~AMT*B6*637~SVC*HC:H0035*1500*637*0912*1~DTM*472*20260611~CAS*CO*45*863~REF*6R*CX156712X67732.001~REF*APC*00000~AMT*B6*637~SVC*HC:H0035*1500*637*0912*1~DTM*472*20260612~CAS*CO*45*863~REF*6R*CX156712X67733.004~REF*APC*00000~AMT*B6*637~CLP*CX149915X7*1*4500*0*4500*12*780202617730928   00*13*7~NM1*QC*1*LANDOLFI*KIMBERLY****MI*JEY002446~NM1*82*2*ASHLEY  HOADLEY*****XX*1821357682~DTM*232*20251229~DTM*233*20251231~DTM*050*20260626~PER*CX*HORIZON BLUE CROSS BLUE SHIELD OF NEW JERSEY DIRECT ACCESS*TE*8886662535~AMT*AU*1911~SVC*HC:H0035*1500*0*0912*1~DTM*472*20251229~CAS*PR*197*1500~REF*6R*CX149915X67572.001~REF*APC*00000~SVC*HC:H0035*1500*0*0912*1~DTM*472*20251230~CAS*PR*197*1500~REF*6R*CX149915X67569.001~REF*APC*00000~SVC*HC:H0035*1500*0*0912*1~DTM*472*20251231~CAS*PR*197*1500~REF*6R*CX149915X67570.001~REF*APC*00000~SE*81*000000001~ST*835*000000002~BPR*I*3184*C*ACH*CCP*01*031100225*DA*4058564014/*1220999690*999999999*01*121000248*DA*4122170038*20260710~TRN*1*0077385094*1220999690*8352026071102078430~REF*EV*1164514691~DTM*405*20260710~N1*PR*HORIZON BCBSNJ~N3*P O  BOX 420~N4*NEWARK*NJ*071010420~REF*2U*22099~PER*BL*HORIZON BCBSNJ*EM*HORIZONEDI@HORIZONBLUE.COM*TE*8883349242~N1*PE*THE RENFREW CENTER OF NEW JERS*XX*1164514691~N3*PO BOX 713700~N4*PHILADELPHIA*PA*191713700~REF*PQ*001368~REF*TJ*223704728~LX*1~CLP*CX157508X1*1*1500*636**13*780202618913259   00*13*3~NM1*QC*1*DEMCZUK*OLIVIA****MI*NJX3HZN97411020~NM1*IL*1*DEMCZUK*MELISSA****MI*NJX3HZN97411020~NM1*74*1******C*NJX3HZN974110200~NM1*82*2*ASHLEY  HOADLEY*****XX*1821357682~DTM*232*20260630~DTM*233*20260701~DTM*050*20260707~PER*CX*NATIONAL ACCOUNTS PPO*TE*8006244758~AMT*AU*636~AMT*T2*636~SVC*HC:S9480*750*318*0905*1~DTM*472*20260630~CAS*CO*45*432~REF*6R*CX157508X67751.001~REF*APC*00000~AMT*B6*318~SVC*HC:S9480*750*318*0905*1~DTM*472*20260701~CAS*CO*45*432~REF*6R*CX157508X67752.001~REF*APC*00000~AMT*B6*318~CLP*CX157505X1*1*6000*2548**13*780202618913177   00*13*3~NM1*QC*1*SIMON*KATELYN****MI*NJX3HZN64715860~NM1*IL*1*SHELLY-SIMON*KATHLEEN****MI*NJX3HZN64715860~NM1*74*1*SHELLEY SIMON*****C*NJX3HZN647158600~NM1*82*2*ASHLEY  HOADLEY*****XX*1821357682~DTM*232*20260629~DTM*233*20260702~DTM*050*20260707~PER*CX*NATIONAL ACCOUNTS PPO*TE*8006244758~AMT*AU*2548~AMT*T2*2548~SVC*HC:H0035*1500*637*0912*1~DTM*472*20260629~CAS*CO*45*863~REF*6R*CX157505X67750.001~REF*APC*00000~AMT*B6*637~SVC*HC:H0035*1500*637*0912*1~DTM*472*20260630~CAS*CO*45*863~REF*6R*CX157505X67751.002~REF*APC*00000~AMT*B6*637~SVC*HC:H0035*1500*637*0912*1~DTM*472*20260701~CAS*CO*45*863~REF*6R*CX157505X67752.002~REF*APC*00000~AMT*B6*637~SVC*HC:H0035*1500*637*0912*1~DTM*472*20260702~CAS*CO*45*863~REF*6R*CX157505X67753.002~REF*APC*00000~AMT*B6*637~SE*75*000000002~GE*2*866603503~IEA*1*866603503~