ISA*00*          *00*          *ZZ*CHC            *ZZ*00962249       *260707*0013*^*00501*422006441*0*P*:~GS*HP*CHC*00962249*20260707*00132300*422006441*X*005010X221A1~ST*835*000000001~BPR*I*4086*C*ACH*CCP*01*043301627*DA*1069954659C*1341858379**01*121000248*DA*4122170038*20260708~TRN*1*1253599421*1341858379~DTM*405*20260706~N1*PR*INDEPENDENCE BLUE CROSS, LLC~N3*1901 MARKET STREET~N4*PHILADELPHIA*PA*19103~REF*2U*SX055~PER*CX*EDI SUPPORT TEAM*FX*4408355656*TE*4408353511~PER*BL*EDI SUPPORT TEAM~N1*PE*PA THE RENFREW CENTERS*XX*1417971904~N3*PO BOX 823700~N4*PHILADELPHIA*PA*19182~REF*TJ*200994813~LX*1~CLP*CX155984X1*22*-3000*0**HM*20260603552915*13*7~NM1*QC*1*DESCHLER*EMILY****MI*PVG872A73302~REF*CE*3571549~DTM*232*20260526~DTM*233*20260529~DTM*050*20260703~PER*CX**TE*4408353511~SVC*HC:S9480*-750*0*0905*1**0~DTM*472*20260526~CAS*CO*45*-750*1~REF*6R*CX155984X67716.003~SVC*HC:S9480*-750*0*0905*1**0~DTM*472*20260527~CAS*CO*45*-750*1~REF*6R*CX155984X67717.003~SVC*HC:S9480*-750*0*0905*1**0~DTM*472*20260528~CAS*CO*45*-750*1~REF*6R*CX155984X67718.002~SVC*HC:S9480*-750*0*0905*1**0~DTM*472*20260529~CAS*CO*45*-750*1~REF*6R*CX155984X67719.004~CLP*CX155984X1*1*3000*1568**HM*20260603552915*13*7~NM1*QC*1*DESCHLER*EMILY****MI*PVG872A73302~REF*CE*3571549~DTM*232*20260526~DTM*233*20260529~DTM*050*20260703~PER*CX**TE*4408353511~AMT*AU*1568~SVC*HC:S9480*750*392*0905*1**0~DTM*472*20260526~CAS*CO*45*358*1~REF*6R*CX155984X67716.003~AMT*B6*392~SVC*HC:S9480*750*392*0905*1**0~DTM*472*20260527~CAS*CO*45*358*1~REF*6R*CX155984X67717.003~AMT*B6*392~SVC*HC:S9480*750*392*0905*1**0~DTM*472*20260528~CAS*CO*45*358*1~REF*6R*CX155984X67718.002~AMT*B6*392~SVC*HC:S9480*750*392*0905*1**0~DTM*472*20260529~CAS*CO*45*358*1~REF*6R*CX155984X67719.004~AMT*B6*392~CLP*CX146234X2*1*117000*0**HM*20260609502669*11*7~NM1*QC*1*FITZGERALD*NICOLE****MI*YKZ3HZN10949820~REF*CE*3571549~DTM*232*20250818~DTM*233*20250925~DTM*050*20260703~PER*CX**TE*4408353511~SVC*HC:H0018*117000*0*1001*39**0~DTM*150*20250818~DTM*151*20250925~CAS*CO*45*117000*1~REF*6R*155337937339556001~CLP*CX156372X1*1*75000*0*75000*HM*20260609505703*11*1~NM1*QC*1*BURTON*SHARAYNE****MI*YKQ3HZN10160420~REF*CE*3571549~DTM*232*20260511~DTM*233*20260604~DTM*050*20260703~PER*CX**TE*4408353511~SVC*NU:1001*75000*0**25**0~DTM*150*20260511~DTM*151*20260604~CAS*PR*96*75000*1~REF*6R*CX156372X67701.003~AMT*B6*75000~LQ*HE*N448~CLP*CX156425X1*1*4500*2157**HM*20260610590339*13*2~NM1*QC*1*BURTON*SHARAYNE****MI*YKQ3HZN10160420~REF*CE*3571549~DTM*232*20260605~DTM*233*20260607~DTM*050*20260703~PER*CX**TE*4408353511~AMT*AU*2157~SVC*HC:H0035*1500*719*0912*1**0~DTM*472*20260605~CAS*CO*45*781*1~REF*6R*CX156425X67726.004~AMT*B6*719~SVC*HC:H0035*1500*719*0912*1**0~DTM*472*20260606~CAS*CO*45*781*1~REF*6R*CX156425X67727.003~AMT*B6*719~SVC*HC:H0035*1500*719*0912*1**0~DTM*472*20260607~CAS*CO*45*781*1~REF*6R*CX156425X67728.005~AMT*B6*719~CLP*CX156647X1*1*2250*1086*90*HM*20260617528080*13*3~NM1*QC*1*DEVLIN-MOHAN*CEIRE****MI*XBU6101334400~REF*CE*3571549~DTM*232*20260609~DTM*233*20260611~DTM*050*20260703~PER*CX**TE*4408353511~AMT*AU*1176~SVC*HC:S9480*750*362*0905*1**0~DTM*472*20260609~CAS*CO*45*358*1~CAS*PR*3*30*1~REF*6R*CX156647X67730.001~AMT*B6*392~SVC*HC:S9480*750*362*0905*1**0~DTM*472*20260610~CAS*CO*45*358*1~CAS*PR*3*30*1~REF*6R*CX156647X67731.001~AMT*B6*392~SVC*HC:S9480*750*362*0905*1**0~DTM*472*20260611~CAS*CO*45*358*1~CAS*PR*3*30*1~REF*6R*CX156647X67732.001~AMT*B6*392~CLP*CX156649X1*1*2250*1176**HM*20260617531772*13*3~NM1*QC*1*HOTTEL*SOPHIA****MI*XZJ6108754700~REF*CE*3571549~DTM*232*20260608~DTM*233*20260611~DTM*050*20260703~PER*CX**TE*4408353511~AMT*AU*1176~SVC*HC:S9480*750*392*0905*1**0~DTM*472*20260608~CAS*CO*45*358*1~REF*6R*CX156649X67729.003~AMT*B6*392~SVC*HC:S9480*750*392*0905*1**0~DTM*472*20260610~CAS*CO*45*358*1~REF*6R*CX156649X67731.003~AMT*B6*392~SVC*HC:S9480*750*392*0905*1**0~DTM*472*20260611~CAS*CO*45*358*1~REF*6R*CX156649X67732.003~AMT*B6*392~CLP*CX156660X2*1*5250*2744**HM*20260617531779*13*2~NM1*QC*1*FOOSE*BRITTANY****MI*QBU8173152500~REF*CE*3571549~DTM*232*20260602~DTM*233*20260612~DTM*050*20260703~PER*CX**TE*4408353511~AMT*AU*2744~SVC*HC:S9480*750*392*0905*1**0~DTM*472*20260602~CAS*CO*45*358*1~REF*6R*CX156660X67723.002~AMT*B6*392~SVC*HC:S9480*750*392*0905*1**0~DTM*472*20260604~CAS*CO*45*358*1~REF*6R*CX156660X67725.003~AMT*B6*392~SVC*HC:S9480*750*392*0905*1**0~DTM*472*20260605~CAS*CO*45*358*1~REF*6R*CX156660X67726.002~AMT*B6*392~SVC*HC:S9480*750*392*0905*1**0~DTM*472*20260608~CAS*CO*45*358*1~REF*6R*CX156660X67729.003~AMT*B6*392~SVC*HC:S9480*750*392*0905*1**0~DTM*472*20260609~CAS*CO*45*358*1~REF*6R*CX156660X67730.002~AMT*B6*392~SVC*HC:S9480*750*392*0905*1**0~DTM*472*20260611~CAS*CO*45*358*1~REF*6R*CX156660X67732.001~AMT*B6*392~SVC*HC:S9480*750*392*0905*1**0~DTM*472*20260612~CAS*CO*45*358*1~REF*6R*CX156660X67733.003~AMT*B6*392~CLP*CX156654X4*1*7500*3445*150*HM*20260617536915*13*3~NM1*QC*1*MIKULA*SAMANTHA****MI*XCA6001385100~REF*CE*3571549~DTM*232*20260608~DTM*233*20260612~DTM*050*20260703~PER*CX**TE*4408353511~AMT*AU*3595~SVC*HC:H0035*1500*689*0912*1**0~DTM*472*20260608~CAS*CO*45*781*1~CAS*PR*3*30*1~REF*6R*CX156654X67729.002~AMT*B6*719~SVC*HC:H0035*1500*689*0912*1**0~DTM*472*20260609~CAS*CO*45*781*1~CAS*PR*3*30*1~REF*6R*CX156654X67730.001~AMT*B6*719~SVC*HC:H0035*1500*689*0912*1**0~DTM*472*20260610~CAS*CO*45*781*1~CAS*PR*3*30*1~REF*6R*CX156654X67731.001~AMT*B6*719~SVC*HC:H0035*1500*689*0912*1**0~DTM*472*20260611~CAS*CO*45*781*1~CAS*PR*3*30*1~REF*6R*CX156654X67732.001~AMT*B6*719~SVC*HC:H0035*1500*689*0912*1**0~DTM*472*20260612~CAS*CO*45*781*1~CAS*PR*3*30*1~REF*6R*CX156654X67733.003~AMT*B6*719~CLP*CX156650X2*1*3000*1488*80*HM*20260617536916*13*3~NM1*QC*1*LOWENBERG*SOFIA****MI*XZJ6111986300~REF*CE*3571549~DTM*232*20260609~DTM*233*20260612~DTM*050*20260703~PER*CX**TE*4408353511~AMT*AU*1568~SVC*HC:S9480*750*372*0905*1**0~DTM*472*20260609~CAS*CO*45*358*1~CAS*PR*3*20*1~REF*6R*CX156650X67730.002~AMT*B6*392~SVC*HC:S9480*750*372*0905*1**0~DTM*472*20260610~CAS*CO*45*358*1~CAS*PR*3*20*1~REF*6R*CX156650X67731.003~AMT*B6*392~SVC*HC:S9480*750*372*0905*1**0~DTM*472*20260611~CAS*CO*45*358*1~CAS*PR*3*20*1~REF*6R*CX156650X67732.001~AMT*B6*392~SVC*HC:S9480*750*372*0905*1**0~DTM*472*20260612~CAS*CO*45*358*1~CAS*PR*3*20*1~REF*6R*CX156650X67733.004~AMT*B6*392~CLP*CX156624X1*1*210000*0**HM*20260617542308*11*1~NM1*QC*1*GUARNERA*HANNAH****MI*RBO198W10535~REF*CE*3571549~DTM*232*20260401~DTM*233*20260609~DTM*050*20260703~PER*CX**TE*4408353511~SVC*NU:1001*210000*0**70**0~DTM*150*20260401~DTM*151*20260609~CAS*CO*45*210000*1~REF*6R*CX156624X67661.003~CLP*CX156903X4*1*7500*3595**HM*20260624529723*13*3~NM1*QC*1*GILLARD*CAITLYN****MI*EXQ799M91710~REF*CE*3571549~DTM*232*20260615~DTM*233*20260619~DTM*050*20260703~PER*CX**TE*4408353511~AMT*AU*3595~SVC*HC:H0035*1500*719*0912*1**0~DTM*472*20260615~CAS*CO*45*781*1~REF*6R*CX156903X67736.001~AMT*B6*719~SVC*HC:H0035*1500*719*0912*1**0~DTM*472*20260616~CAS*CO*45*781*1~REF*6R*CX156903X67737.001~AMT*B6*719~SVC*HC:H0035*1500*719*0912*1**0~DTM*472*20260617~CAS*CO*45*781*1~REF*6R*CX156903X67738.004~AMT*B6*719~SVC*HC:H0035*1500*719*0912*1**0~DTM*472*20260618~CAS*CO*45*781*1~REF*6R*CX156903X67739.001~AMT*B6*719~SVC*HC:H0035*1500*719*0912*1**0~DTM*472*20260619~CAS*CO*45*781*1~REF*6R*CX156903X67740.001~AMT*B6*719~CLP*CX156906X1*1*2250*1176**HM*20260624529728*13*2~NM1*QC*1*POWELL*CARA****MI*HSG3HZN51094850~REF*CE*3571549~DTM*232*20260617~DTM*233*20260619~DTM*050*20260703~PER*CX**TE*4408353511~AMT*AU*1176~SVC*HC:S9480*750*392*0905*1**0~DTM*472*20260617~CAS*CO*45*358*1~REF*6R*CX156906X67738.002~AMT*B6*392~SVC*HC:S9480*750*392*0905*1**0~DTM*472*20260618~CAS*CO*45*358*1~REF*6R*CX156906X67739.001~AMT*B6*392~SVC*HC:S9480*750*392*0905*1**0~DTM*472*20260619~CAS*CO*45*358*1~REF*6R*CX156906X67740.001~AMT*B6*392~CLP*CX156904X5*1*6000*2876**HM*20260624529734*13*3~NM1*QC*1*D''ANNUNZIO*MADISON****MI*L6Q806855092~REF*CE*3571549~DTM*232*20260616~DTM*233*20260619~DTM*050*20260703~PER*CX**TE*4408353511~AMT*AU*2876~SVC*HC:H0035*1500*719*0912*1**0~DTM*472*20260616~CAS*CO*45*781*1~REF*6R*CX156904X67737.002~AMT*B6*719~SVC*HC:H0035*1500*719*0912*1**0~DTM*472*20260617~CAS*CO*45*781*1~REF*6R*CX156904X67738.003~AMT*B6*719~SVC*HC:H0035*1500*719*0912*1**0~DTM*472*20260618~CAS*CO*45*781*1~REF*6R*CX156904X67739.001~AMT*B6*719~SVC*HC:H0035*1500*719*0912*1**0~DTM*472*20260619~CAS*CO*45*781*1~REF*6R*CX156904X67740.001~AMT*B6*719~CLP*CX154780X4*1*159000*0**HM*20260625545361*11*1~NM1*QC*1*HELLQUIST*NOEL****MI*WZA989W25596~REF*CE*3571549~DTM*232*20260309~DTM*233*20260430~DTM*050*20260703~PER*CX**TE*4408353511~SVC*NU:1001*159000*0**53**0~DTM*150*20260309~DTM*151*20260430~CAS*CO*45*159000*1~REF*6R*CX154780X67638.004~CLP*CX157130X1*4*90000*0**HM*20260630511531*11*1~NM1*QC*1*PATTERSON*JILLIAN****MI*PNM115887611001~REF*CE*3571549~DTM*232*20260527~DTM*233*20260625~DTM*050*20260703~PER*CX**TE*4408353511~SVC*NU:1001*90000*0**30**0~DTM*150*20260527~DTM*151*20260625~CAS*CO*96*90000*1~REF*6R*CX157130X67717.004~LQ*HE*N747~CLP*CX157170X7*4*4500*0**HM*20260701548616*13*3~NM1*QC*1*RIGNEY*MARLEA****MI*SOD135333475001~REF*CE*3571549~DTM*232*20260622~DTM*233*20260624~DTM*050*20260703~PER*CX**TE*4408353511~SVC*HC:H0035*1500*0*0912*1**0~DTM*472*20260622~CAS*CO*96*1500*1~REF*6R*CX157170X67743.003~LQ*HE*N130~SVC*HC:H0035*1500*0*0912*1**0~DTM*472*20260623~CAS*CO*96*1500*1~REF*6R*CX157170X67744.001~LQ*HE*N130~SVC*HC:H0035*1500*0*0912*1**0~DTM*472*20260624~CAS*CO*96*1500*1~REF*6R*CX157170X67745.002~LQ*HE*N747~PLB*1417971904*20261231*WO:PLBWO20241126501613CX132314X523186433*7950~PLB*1417971904*20261231*WO:PLBWO20241126501620CX132058X223186423*9275~SE*423*000000001~ST*835*000000002~BPR*I*4324*C*ACH*CCP*01*043301627*DA*1069954659C*1341858379**01*121000248*DA*4122170038*20260708~TRN*1*1253599420*1341858379~DTM*405*20260706~N1*PR*AMERIHEALTH INC~N3*1901 MARKET STREET~N4*PHILADELPHIA*PA*19103~REF*2U*SX055~PER*CX*EDI SUPPORT TEAM*FX*4408355656*TE*4408353511~PER*BL*EDI SUPPORT TEAM~N1*PE*PA THE RENFREW CENTERS*XX*1417971904~N3*PO BOX 823700~N4*PHILADELPHIA*PA*19182~REF*TJ*200994813~LX*1~CLP*CX156631X1*1*15000*4324*2781*HM*20260617535445*11*2~NM1*QC*1*DRISCOLL*JUSTIN****MI*QS18182192900~REF*CE*3564585~DTM*232*20260610~DTM*233*20260614~DTM*050*20260703~PER*CX**TE*4408353511~AMT*AU*7105~SVC*NU:1001*3000*0**1**0~DTM*472*20260610~CAS*CO*45*1579*1~CAS*PR*1*1421*1~REF*6R*CX156631X67731.004~AMT*B6*1421~SVC*NU:1001*3000*913.6**1**0~DTM*472*20260611~CAS*CO*45*1579*1~CAS*PR*2*228.4*1*1*279*1~REF*6R*CX156631X67732.002~AMT*B6*1421~SVC*NU:1001*3000*1136.8**1**0~DTM*472*20260612~CAS*CO*45*1579*1~CAS*PR*2*284.2*1~REF*6R*CX156631X67733.002~AMT*B6*1421~SVC*NU:1001*3000*1136.8**1**0~DTM*472*20260613~CAS*CO*45*1579*1~CAS*PR*2*284.2*1~REF*6R*CX156631X67734.002~AMT*B6*1421~SVC*NU:1001*3000*1136.8**1**0~DTM*472*20260614~CAS*CO*45*1579*1~CAS*PR*2*284.2*1~REF*6R*CX156631X67735.004~AMT*B6*1421~SE*54*000000002~ST*835*000000003~BPR*I*1176*C*ACH*CCP*01*043301627*DA*1069954659C*1341858379**01*121000248*DA*4122170038*20260708~TRN*1*1253599422*1341858379~DTM*405*20260706~N1*PR*INDEPENDENCE BLUE CROSS, LLC~N3*1901 MARKET STREET~N4*PHILADELPHIA*PA*19103~REF*2U*SX055~PER*CX*EDI SUPPORT TEAM*FX*4408355656*TE*4408353511~PER*BL*EDI SUPPORT TEAM~N1*PE*PA THE RENFREW CENTERS*XX*1417971904~N3*PO BOX 823700~N4*PHILADELPHIA*PA*19182~REF*TJ*200994813~LX*1~CLP*CX156909X4*1*2250*1176**HM*20260624529731*13*3~NM1*QC*1*TURNER*CAROLINE****MI*VYW202855069~REF*CE*3558264~DTM*232*20260615~DTM*233*20260618~DTM*050*20260703~PER*CX**TE*4408353511~AMT*AU*1176~SVC*HC:S9480*750*392*0905*1**0~DTM*472*20260615~CAS*CO*45*358*1~REF*6R*CX156909X67736.001~AMT*B6*392~SVC*HC:S9480*750*392*0905*1**0~DTM*472*20260617~CAS*CO*45*358*1~REF*6R*CX156909X67738.001~AMT*B6*392~SVC*HC:S9480*750*392*0905*1**0~DTM*472*20260618~CAS*CO*45*358*1~REF*6R*CX156909X67739.001~AMT*B6*392~SE*39*000000003~GE*3*422006441~IEA*1*422006441~