ISA*00*          *00*          *ZZ*CHC            *ZZ*00962249       *260602*0619*^*00501*411806259*0*P*:~GS*HP*CHC*00962249*20260602*06190400*411806259*X*005010X221A1~ST*835*000000001~BPR*I*7905*C*ACH*CCP*01*011900445*DA*0000009046*1066033492**01*121000248*DA*4122170038*20260605~TRN*1*826153000232345*1066033492~REF*EV*133052274~DTM*405*20260602~N1*PR*AETNA~N3*151 FARMINGTON AVENUE~N4*HARTFORD*CT*06156~REF*2U*60054~PER*BL*PROVIDER SERVICE~N1*PE*RENFREW CENTER OF NJ, LLC*XX*1164514691~N3*PO BOX 713700~N4*PHILADELPHIA*PA*191713700~REF*PQ*926670170~REF*TJ*223704728~LX*1~TS3*1164514691*22*20261231*1*2250~CLP*CX155841X1*1*2250*1017**13*EJPDW191J0000*13*3~NM1*QC*1*ORLANDINO*AMANDA****MI*W295834672~NM1*82*2*THE RENFREW CENTER OF NEW JERSEY*****XX*1164514691~REF*1L*0169659-040-00413-CZ~REF*CE*AETNA CHOICE  POS II NET 01449~DTM*232*20260518~DTM*233*20260521~DTM*050*20260526~PER*CX**TE*8886323862~AMT*AU*2250~SVC*HC:S9480*750*339*0905*1~DTM*472*20260518~CAS*CO*45*411~REF*6R*CX155841X67708.001~AMT*B6*339~SVC*HC:S9480*750*339*0905*1~DTM*472*20260520~CAS*CO*45*411~REF*6R*CX155841X67710.002~AMT*B6*339~SVC*HC:S9480*750*339*0905*1~DTM*472*20260521~CAS*CO*45*411~REF*6R*CX155841X67711.001~AMT*B6*339~LX*2~TS3*1164514691*22*20261231*5*21000~CLP*CX155833X1*1*6000*2484**13*EHPDWXSFX0000*13*3~NM1*QC*1*MCCOY*STACEY****MI*W121673728~NM1*82*2*THE RENFREW CENTER OF NEW JERSEY*****XX*1164514691~REF*G1*074310441~REF*1L*0237164-010-00001- A~REF*CE*AETNA CHOICE  POS II NET 01450~DTM*232*20260518~DTM*233*20260521~DTM*050*20260526~PER*CX**TE*8886323862~AMT*AU*6000~SVC*HC:H0035*1500*621*0912*1~DTM*472*20260518~CAS*CO*45*879~REF*6R*CX155833X67708.001~AMT*B6*621~SVC*HC:H0035*1500*621*0912*1~DTM*472*20260519~CAS*CO*45*879~REF*6R*CX155833X67709.003~AMT*B6*621~SVC*HC:H0035*1500*621*0912*1~DTM*472*20260520~CAS*CO*45*879~REF*6R*CX155833X67710.001~AMT*B6*621~SVC*HC:H0035*1500*621*0912*1~DTM*472*20260521~CAS*CO*45*879~REF*6R*CX155833X67711.001~AMT*B6*621~CLP*CX155834X2*1*6000*2484**13*EHY2W04KS0000*13*3~NM1*QC*1*ESTEPP*OLIVIA~NM1*IL*1*ESTEPP*JESSICA****MI*W287264157~NM1*74*1*SIMON-ESTEPP~NM1*82*2*THE RENFREW CENTER OF NEW JERSEY*****XX*1164514691~REF*G1*074651242~REF*1L*0237611-040-00001-NA~REF*CE*AETNA CHOICE  POS II NET 01450~DTM*232*20260518~DTM*233*20260521~DTM*050*20260526~PER*CX**TE*8886323862~AMT*AU*6000~SVC*HC:H0035*1500*621*0912*1~DTM*472*20260518~CAS*CO*45*879~REF*6R*CX155834X67708.002~AMT*B6*621~SVC*HC:H0035*1500*621*0912*1~DTM*472*20260519~CAS*CO*45*879~REF*6R*CX155834X67709.003~AMT*B6*621~SVC*HC:H0035*1500*621*0912*1~DTM*472*20260520~CAS*CO*45*879~REF*6R*CX155834X67710.001~AMT*B6*621~SVC*HC:H0035*1500*621*0912*1~DTM*472*20260521~CAS*CO*45*879~REF*6R*CX155834X67711.001~AMT*B6*621~CLP*CX155835X3*1*3000*1242**13*EJADW2LD60000*13*2~NM1*QC*1*DUPONT*LEEAHNA~NM1*IL*1*DUPONT*VERCY****MI*W287367001~NM1*74*1**LEEAHNA~NM1*82*2*THE RENFREW CENTER OF NEW JERSEY*****XX*1164514691~REF*G1*074779308~REF*1L*0181137-041-00006-AD~REF*CE*AETNA CHOICE  POS II NET 01450~DTM*232*20260520~DTM*233*20260521~DTM*050*20260526~PER*CX**TE*8886323862~AMT*AU*3000~SVC*HC:H0035*1500*621*0912*1~DTM*472*20260520~CAS*CO*45*879~REF*6R*CX155835X67710.001~AMT*B6*621~SVC*HC:H0035*1500*621*0912*1~DTM*472*20260521~CAS*CO*45*879~REF*6R*CX155835X67711.001~AMT*B6*621~CLP*CX155851X1*1*1500*678**13*EJFDW2F9D0000*13*2~NM1*QC*1*MCGEECHAN*JAMIE~NM1*IL*1*MCGEECHAN*JAMES****MI*W294528610~NM1*82*2*THE RENFREW CENTER OF NEW JERSEY*****XX*1164514691~REF*1L*0181137-041-00005-AC~REF*CE*AETNA CHOICE  POS II NET 01450~DTM*232*20260518~DTM*233*20260521~DTM*050*20260526~PER*CX**TE*8886323862~AMT*AU*1500~SVC*HC:S9480:95*750*339*0905*1~DTM*472*20260518~CAS*CO*45*411~REF*6R*CX155851X67708.001~AMT*B6*339~SVC*HC:S9480:95*750*339*0905*1~DTM*472*20260521~CAS*CO*45*411~REF*6R*CX155851X67711.003~AMT*B6*339~CLP*CX152283X1*1*4500*0**13*P9RWTJTVW0000*13*4~NM1*QC*1*LEDERER*ABIGAIL~NM1*IL*1*LEDERER*NATHAN****MI*W184943090~NM1*82*2*THE RENFREW CENTER OF NEW JERSEY*****XX*1164514691~REF*1L*0237115-022-00039-AZ~REF*CE*AETNA CHOICE  POS II NET 12397~DTM*232*20260223~DTM*233*20260225~DTM*050*20260527~PER*CX**TE*8886323862~SVC*HC:H0035*1500*0*0912*0**1~DTM*472*20260223~CAS*CO*193*1500*1~REF*6R*CX152283X67624.004~LQ*HE*N210~SVC*HC:H0035*1500*0*0912*0**1~DTM*472*20260224~CAS*CO*193*1500*1~REF*6R*CX152283X67625.001~LQ*HE*N210~SVC*HC:H0035*1500*0*0912*0**1~DTM*472*20260225~CAS*CO*193*1500*1~REF*6R*CX152283X67626.001~LQ*HE*N210~SE*178*000000001~GE*1*411806259~IEA*1*411806259~