ISA*00*          *00*          *ZZ*CHC            *ZZ*00962249       *260616*0622*^*00501*724005034*0*P*:~GS*HP*CHC*00962249*20260616*06222900*724005034*X*005010X221A1~ST*835*000000001~BPR*I*29519.57*C*ACH*CCP*01*011900445*DA*0000009046*1066033492**01*121000248*DA*4122170038*20260622~TRN*1*826167000288976*1066033492~REF*EV*133052274~DTM*405*20260616~N1*PR*AETNA~N3*151 FARMINGTON AVENUE~N4*HARTFORD*CT*06156~REF*2U*60054~PER*BL*PROVIDER SERVICE~N1*PE*THE RENFREW CENTER OF PHILADELPHIA LLC*XX*1417971904~N3*PO BOX 713700~N4*PHILADELPHIA*PA*191713700~REF*PQ*182224660~REF*TJ*200994813~LX*1~TS3*1417971904*22*20261231*1*7500~CLP*CX156428X1*1*7500*3265**13*EAJNXBGQC0000*13*3~NM1*QC*1*COHEN*SAMARA~NM1*IL*1*COHEN*EDAN****MI*0000196210~NM1*74*1******C*W293722774~NM1*82*2*THE RENFREW CENTER OF PENNSYLVANIA,*****XX*1417971904~REF*G1*074585768~REF*1L*0697478-013-00001-EB~REF*CE*AETNA CHOICE  POS II NET 00408~DTM*232*20260601~DTM*233*20260605~DTM*050*20260609~PER*CX**TE*8886323862~AMT*AU*7500~SVC*HC:H0035*1500*653*0912*1~DTM*472*20260601~CAS*CO*45*847~REF*6R*CX156428X67722.004~AMT*B6*653~SVC*HC:H0035*1500*653*0912*1~DTM*472*20260602~CAS*CO*45*847~REF*6R*CX156428X67723.004~AMT*B6*653~SVC*HC:H0035*1500*653*0912*1~DTM*472*20260603~CAS*CO*45*847~REF*6R*CX156428X67724.004~AMT*B6*653~SVC*HC:H0035*1500*653*0912*1~DTM*472*20260604~CAS*CO*45*847~REF*6R*CX156428X67725.002~AMT*B6*653~SVC*HC:H0035*1500*653*0912*1~DTM*472*20260605~CAS*CO*45*847~REF*6R*CX156428X67726.003~AMT*B6*653~LX*2~TS3*1417971904*22*20261231*3*16500~CLP*CX156437X1*1*7500*3265**12*EBFDXBS6L0000*13*3~NM1*QC*1*DILLEN*SHAYLEE****MI*W286904557~NM1*82*2*THE RENFREW CENTER OF PENNSYLVANIA,*****XX*1417971904~REF*1L*0878581-012-00002-PQ~REF*CE*OPEN CHOICE NET 00140~DTM*232*20260601~DTM*233*20260605~DTM*050*20260609~PER*CX**TE*8886323862~AMT*AU*7500~SVC*HC:H0035:95*1500*653*0912*1~DTM*472*20260601~CAS*CO*45*847~REF*6R*CX156437X67722.002~AMT*B6*653~SVC*HC:H0035:95*1500*653*0912*1~DTM*472*20260602~CAS*CO*45*847~REF*6R*CX156437X67723.001~AMT*B6*653~SVC*HC:H0035:95*1500*653*0912*1~DTM*472*20260603~CAS*CO*45*847~REF*6R*CX156437X67724.002~AMT*B6*653~SVC*HC:H0035:95*1500*653*0912*1~DTM*472*20260604~CAS*CO*45*847~REF*6R*CX156437X67725.002~AMT*B6*653~SVC*HC:H0035:95*1500*653*0912*1~DTM*472*20260605~CAS*CO*45*847~REF*6R*CX156437X67726.002~AMT*B6*653~CLP*CX156430X1*1*7500*3265**12*EBPDW7WNN0000*13*3~NM1*QC*1*DILMORE-SEHLHOFF*EIREN~NM1*IL*1*SEHLHOFF*KELLY****MI*W274994376~NM1*82*2*THE RENFREW CENTER OF PENNSYLVANIA,*****XX*1417971904~REF*G1*074662340~REF*1L*0863782-010-00004- A~REF*CE*OPEN ACCESS AETNA SELECT  8480 NET 01217~DTM*232*20260601~DTM*233*20260605~DTM*050*20260609~PER*CX**TE*8886323862~AMT*AU*7500~SVC*HC:H0035*1500*653*0912*1~DTM*472*20260601~CAS*CO*45*847~REF*6R*CX156430X67722.002~AMT*B6*653~SVC*HC:H0035*1500*653*0912*1~DTM*472*20260602~CAS*CO*45*847~REF*6R*CX156430X67723.002~AMT*B6*653~SVC*HC:H0035*1500*653*0912*1~DTM*472*20260603~CAS*CO*45*847~REF*6R*CX156430X67724.001~AMT*B6*653~SVC*HC:H0035*1500*653*0912*1~DTM*472*20260604~CAS*CO*45*847~REF*6R*CX156430X67725.001~AMT*B6*653~SVC*HC:H0035*1500*653*0912*1~DTM*472*20260605~CAS*CO*45*847~REF*6R*CX156430X67726.001~AMT*B6*653~CLP*CX156431X1*1*1500*716**13*EBY2XBT0R0000*13*3~NM1*QC*1*LEVY*RACHEL~NM1*82*2*THE RENFREW CENTER OF PENNSYLVANIA,*****XX*1417971904~REF*1L*0477278-012-00701-BB~REF*CE*AETNA CHOICE  POS II NET 00408~DTM*232*20260603~DTM*233*20260604~DTM*050*20260609~PER*CX**TE*8886323862~AMT*AU*1500~SVC*HC:S9480*750*358*0905*1~DTM*472*20260603~CAS*CO*45*392~REF*6R*CX156431X67724.001~AMT*B6*358~SVC*HC:S9480*750*358*0905*1~DTM*472*20260604~CAS*CO*45*392~REF*6R*CX156431X67725.001~AMT*B6*358~LX*3~TS3*1417971904*55*20261231*4*45000~CLP*CX156386X1*1*3000*1296**13*ECJNXBK060000*11*4~NM1*QC*1*YOUNG*ALEXIS****MI*W236797569~NM1*82*2*THE RENFREW CENTER OF PENNSYLVANIA*****XX*1417971904~REF*G1*074461885~REF*1L*0868560-051-00011-PH~REF*CE*AETNA CHOICE  POS II NET 00408~DTM*232*20260601~DTM*233*20260601~DTM*050*20260609~PER*CX**TE*8886323862~AMT*AU*3000~SVC*NU:0124*3000*1296**1*NU:1001~DTM*472*20260601~CAS*CO*45*1704~REF*6R*CX156386X67722.002~AMT*B6*1296~CLP*CX156388X3*1*21000*8640.57*431.43*13*EC37W6JHS0000*11*3~NM1*QC*1*LOWE*ARIANA~NM1*IL*1*LOWE*ANTHONY****MI*W271676428~NM1*82*2*THE RENFREW CENTER OF PENNSYLVANIA*****XX*1417971904~REF*G1*074871521~REF*1L*0192643-010-00001- E~REF*CE*AETNA CHOICE  POS II NET 00408~DTM*232*20260601~DTM*233*20260607~DTM*050*20260609~PER*CX**TE*8886323862~AMT*AU*21000~SVC*NU:0124*3000*1036.8**1*NU:1001~DTM*472*20260601~CAS*CO*45*1704~CAS*PR*2*259.2~REF*6R*CX156388X67722.001~AMT*B6*1296~SVC*NU:0124*3000*1123.77**1*NU:1001~DTM*472*20260602~CAS*CO*45*1704~CAS*PR*2*172.23~REF*6R*CX156388X67723.002~AMT*B6*1296~SVC*NU:0124*3000*1296**1*NU:1001~DTM*472*20260603~CAS*CO*45*1704~REF*6R*CX156388X67724.002~AMT*B6*1296~SVC*NU:0124*3000*1296**1*NU:1001~DTM*472*20260604~CAS*CO*45*1704~REF*6R*CX156388X67725.002~AMT*B6*1296~SVC*NU:0124*3000*1296**1*NU:1001~DTM*472*20260605~CAS*CO*45*1704~REF*6R*CX156388X67726.003~AMT*B6*1296~SVC*NU:0124*3000*1296**1*NU:1001~DTM*472*20260606~CAS*CO*45*1704~REF*6R*CX156388X67727.002~AMT*B6*1296~SVC*NU:0124*3000*1296**1*NU:1001~DTM*472*20260607~CAS*CO*45*1704~REF*6R*CX156388X67728.001~AMT*B6*1296~CLP*CX155965X1*1*18000*7776**13*EFPDW5N690000*11*3~NM1*QC*1*YOUNG*ALEXIS****MI*W236797569~NM1*82*2*THE RENFREW CENTER OF PENNSYLVANIA*****XX*1417971904~MIA*0****MA15~REF*G1*074461885~REF*1L*0868560-051-00011-PH~REF*CE*AETNA CHOICE  POS II NET 00408~DTM*232*20260525~DTM*233*20260530~DTM*050*20260601~PER*CX**TE*8886323862~AMT*AU*18000~SVC*NU:0124*3000*1296**1*NU:1001~DTM*472*20260525~CAS*CO*45*1704~REF*6R*CX155965X67715.003~AMT*B6*1296~SVC*NU:0124*3000*1296**1*NU:1001~DTM*472*20260526~CAS*CO*45*1704~REF*6R*CX155965X67716.002~AMT*B6*1296~SVC*NU:0124*3000*1296**1*NU:1001~DTM*472*20260527~CAS*CO*45*1704~REF*6R*CX155965X67717.004~AMT*B6*1296~SVC*NU:0124*3000*1296**1*NU:1001~DTM*472*20260528~CAS*CO*45*1704~REF*6R*CX155965X67718.001~AMT*B6*1296~SVC*NU:0124*3000*1296**1*NU:1001~DTM*472*20260529~CAS*CO*45*1704~REF*6R*CX155965X67719.003~AMT*B6*1296~SVC*NU:0124*3000*1296**1*NU:1001~DTM*472*20260530~CAS*CO*45*1704~REF*6R*CX155965X67720.002~AMT*B6*1296~CLP*CX155965X1*1*3000*1296**13*EFPDW5N690001*11*3~NM1*QC*1*YOUNG*ALEXIS****MI*W236797569~NM1*82*2*THE RENFREW CENTER OF PENNSYLVANIA*****XX*1417971904~MIA*0****MA15~REF*G1*074461885~REF*1L*0868560-051-00011-PH~REF*CE*AETNA CHOICE  POS II NET 00408~DTM*232*20260531~DTM*233*20260531~DTM*050*20260601~PER*CX**TE*8886323862~AMT*AU*3000~SVC*NU:0124*3000*1296**1*NU:1001~DTM*472*20260531~CAS*CO*45*1704~REF*6R*CX155965X67721.002~AMT*B6*1296~SE*276*000000001~GE*1*724005034~IEA*1*724005034~