ISA*00*          *00*          *ZZ*CHC            *ZZ*00962249       *260708*0903*^*00501*539606330*0*P*:~GS*HP*CHC*00962249*20260708*09032200*539606330*X*005010X221A1~ST*835*000000001~BPR*I*2133*C*CHK************20260702~TRN*1*964984947*1411648670~REF*EV*133052274~REF*F2*PM~DTM*405*20260708~N1*PR*EVERNORTH BEHAVIORAL HEALTH, INC.~N3*P.O. BOX 182223~N4*CHATTANOOGA*TN*374227223~REF*2U*62308~PER*BL*EDI HELP DESK*TE*8008103388~N1*PE*RENFREW CTR OF NRTH CRLN*XX*1841497518~N3*PO BOX 713700~N4*PHILADELPHIA*PA*191713700~REF*TJ*205508748~LX*1~TS3*1841497518*13*20261231*1*4500~CLP*CX157370X1*1*4500*2133**13*7682618298257*13*3~NM1*QC*1*BEAVER*MARY****MI*U4620017603~NM1*IL*1*BEAVER*LINDA****MI*U4620017601~REF*1L*3329668~REF*CE*OPEN ACCESS PLUS~REF*EA*IDX136289X3~REF*G1*NO AUTHORIZATION REQUIRED~DTM*050*20260701~DTM*232*20260622~DTM*233*20260626~PER*CX*MEMBER SERVICES*TE*8002446224~AMT*AU*2133~SVC*HC:H0035*1500*711*0912*1~DTM*150*20260622~DTM*151*20260622~CAS*CO*45*789~REF*6R*CX157370X67743.001~AMT*B6*711~SVC*HC:H0035*1500*711*0912*1~DTM*150*20260623~DTM*151*20260623~CAS*CO*45*789~REF*6R*CX157370X67744.001~AMT*B6*711~SVC*HC:H0035*1500*711*0912*1~DTM*150*20260626~DTM*151*20260626~CAS*CO*45*789~REF*6R*CX157370X67747.002~AMT*B6*711~SE*48*000000001~GE*1*539606330~IEA*1*539606330~