ISA*00*          *00*          *ZZ*CHC            *ZZ*00962249       *260603*0618*^*00501*521607606*0*P*:~GS*HP*CHC*00962249*20260603*06181200*521607606*X*005010X221A1~ST*835*000000001~BPR*I*2380*C*ACH*CCP*01*031100209*DA*0000009108*1066033492**01*121000248*DA*4122170038*20260608~TRN*1*826154000275637*1066033492~REF*EV*133052274~DTM*405*20260603~N1*PR*AETNA~N3*151 FARMINGTON AVENUE~N4*HARTFORD*CT*06156~REF*2U*60054~PER*BL*PROVIDER SERVICE~N1*PE*THE RENFREW CENTER OF PHILADELPHIA LLC*XX*1417971904~N3*PO BOX 713700~N4*PHILADELPHIA*PA*191713700~REF*PQ*182224660~REF*TJ*200994813~LX*1~TS3*1417971904*52*20261231*2*5250~CLP*CX155775X1*1*2250*1074**12*E2614600790000*13*2~NM1*QC*1*WANG*MILLIE****MI*W295220569~NM1*82*2*THE RENFREW CENTER OF PENNSYLVANIA*****XX*1417971904~REF*1L*0724535-036-00101-UA~REF*CE*PPO-MEDICAL NET 00140~DTM*232*20260518~DTM*233*20260521~DTM*050*20260526~PER*CX**TE*8886323862~AMT*AU*2250~SVC*HC:S9480*750*358**1~DTM*472*20260518~CAS*CO*45*392~REF*6R*CX155775X67708.001~AMT*B6*358~SVC*HC:S9480*750*358**1~DTM*472*20260520~CAS*CO*45*392~REF*6R*CX155775X67710.001~AMT*B6*358~SVC*HC:S9480*750*358**1~DTM*472*20260521~CAS*CO*45*392~REF*6R*CX155775X67711.002~AMT*B6*358~CLP*CX155776X1*1*3000*1306**12*E2614601060000*13*4~NM1*QC*1*FIORENTINO WONG*GABRIELA****MI*W290779503~NM1*82*2*THE RENFREW CENTER OF PENNSYLVANIA*****XX*1417971904~REF*1L*0711110-036-00101-UE~REF*CE*PPO-MEDICAL NET 00140~DTM*232*20260518~DTM*233*20260521~DTM*050*20260526~PER*CX**TE*8886323862~AMT*AU*3000~SVC*HC:H0035*1500*653**1~DTM*472*20260518~CAS*CO*45*847~REF*6R*CX155776X67708.002~AMT*B6*653~SVC*HC:H0035*1500*653**1~DTM*472*20260521~CAS*CO*45*847~REF*6R*CX155776X67711.001~AMT*B6*653~SE*63*000000001~GE*1*521607606~IEA*1*521607606~