ISA*00*          *00*          *ZZ*CHC            *ZZ*00962249       *260605*0701*^*00501*684205763*0*P*:~GS*HP*CHC*00962249*20260605*07014000*684205763*X*005010X221A1~ST*835*000000001~BPR*I*14013*C*ACH*CCP*01*031100225*DA*4058564014/*1220999690*999999999*01*121000248*DA*4122170038*20260604~TRN*1*0077249430*1220999690*8352026060501130453~REF*EV*1164514691~DTM*405*20260604~N1*PR*HORIZON BCBSNJ~N3*P O  BOX 420~N4*NEWARK*NJ*071010420~REF*2U*22099~PER*BL*HORIZON BCBSNJ*EM*HORIZONEDI@HORIZONBLUE.COM*TE*8883349242~N1*PE*THE RENFREW CENTER OF NEW JERS*XX*1164514691~N3*PO BOX 713700~N4*PHILADELPHIA*PA*191713700~REF*PQ*001368~REF*TJ*223704728~LX*1~CLP*CX155817X1*1*6000*2548**13*780202614921822   00*13*3~NM1*QC*1*RAVEN*ANASTASIA****MI*NJX3HZN17420950~NM1*IL*1*MCCOY*LISA****MI*NJX3HZN17420950~NM1*74*1******C*NJX3HZN174209500~NM1*82*2*ASHLEY  HOADLEY*****XX*1821357682~DTM*232*20260518~DTM*233*20260521~DTM*050*20260529~PER*CX*NJ DIRECT*TE*8886662535~AMT*AU*2548~AMT*T2*2548~SVC*HC:H0035*1500*637*0912*1~DTM*472*20260518~CAS*CO*45*863~REF*6R*CX155817X67708.002~REF*APC*00000~AMT*B6*637~SVC*HC:H0035*1500*637*0912*1~DTM*472*20260519~CAS*CO*45*863~REF*6R*CX155817X67709.003~REF*APC*00000~AMT*B6*637~SVC*HC:H0035*1500*637*0912*1~DTM*472*20260520~CAS*CO*45*863~REF*6R*CX155817X67710.002~REF*APC*00000~AMT*B6*637~SVC*HC:H0035*1500*637*0912*1~DTM*472*20260521~CAS*CO*45*863~REF*6R*CX155817X67711.001~REF*APC*00000~AMT*B6*637~CLP*CX155604X2*1*7500*3185**13*780202614922457   00*13*3~NM1*QC*1*DEMCZUK*OLIVIA****MI*NJX3HZN97411020~NM1*IL*1*DEMCZUK*MELISSA****MI*NJX3HZN97411020~NM1*74*1******C*NJX3HZN974110200~NM1*82*2*ASHLEY  HOADLEY*****XX*1821357682~DTM*232*20260511~DTM*233*20260515~DTM*050*20260529~PER*CX*NATIONAL ACCOUNTS PPO*TE*8006244758~AMT*AU*3185~AMT*T2*3185~SVC*HC:H0035*1500*637*0912*1~DTM*472*20260511~CAS*CO*45*863~REF*6R*CX155604X67701.003~REF*APC*00000~AMT*B6*637~SVC*HC:H0035*1500*637*0912*1~DTM*472*20260512~CAS*CO*45*863~REF*6R*CX155604X67702.002~REF*APC*00000~AMT*B6*637~SVC*HC:H0035*1500*637*0912*1~DTM*472*20260513~CAS*CO*45*863~REF*6R*CX155604X67703.002~REF*APC*00000~AMT*B6*637~SVC*HC:H0035*1500*637*0912*1~DTM*472*20260514~CAS*CO*45*863~REF*6R*CX155604X67704.001~REF*APC*00000~AMT*B6*637~SVC*HC:H0035*1500*637*0912*1~DTM*472*20260515~CAS*CO*45*863~REF*6R*CX155604X67705.002~REF*APC*00000~AMT*B6*637~CLP*CX155360X2*1*7500*3185**13*780202614924062   00*13*3~NM1*QC*1*DEMCZUK*OLIVIA****MI*NJX3HZN97411020~NM1*IL*1*DEMCZUK*MELISSA****MI*NJX3HZN97411020~NM1*74*1******C*NJX3HZN974110200~NM1*82*2*ASHLEY  HOADLEY*****XX*1821357682~DTM*232*20260504~DTM*233*20260508~DTM*050*20260529~PER*CX*NATIONAL ACCOUNTS PPO*TE*8006244758~AMT*AU*3185~AMT*T2*3185~SVC*HC:H0035*1500*637*0912*1~DTM*472*20260504~CAS*CO*45*863~REF*6R*CX155360X67694.003~REF*APC*00000~AMT*B6*637~SVC*HC:H0035*1500*637*0912*1~DTM*472*20260505~CAS*CO*45*863~REF*6R*CX155360X67695.001~REF*APC*00000~AMT*B6*637~SVC*HC:H0035*1500*637*0912*1~DTM*472*20260506~CAS*CO*45*863~REF*6R*CX155360X67696.002~REF*APC*00000~AMT*B6*637~SVC*HC:H0035*1500*637*0912*1~DTM*472*20260507~CAS*CO*45*863~REF*6R*CX155360X67697.001~REF*APC*00000~AMT*B6*637~SVC*HC:H0035*1500*637*0912*1~DTM*472*20260508~CAS*CO*45*863~REF*6R*CX155360X67698.001~REF*APC*00000~AMT*B6*637~CLP*CX154905X1*1*6000*2548**13*780202614925135   00*13*2~NM1*QC*1*DEMCZUK*OLIVIA****MI*NJX3HZN97411020~NM1*IL*1*DEMCZUK*MELISSA****MI*NJX3HZN97411020~NM1*74*1******C*NJX3HZN974110200~NM1*82*2*ASHLEY  HOADLEY*****XX*1821357682~DTM*232*20260428~DTM*233*20260501~DTM*050*20260529~PER*CX*NATIONAL ACCOUNTS PPO*TE*8006244758~AMT*AU*2548~AMT*T2*2548~SVC*HC:H0035*1500*637*0912*1~DTM*472*20260428~CAS*CO*45*863~REF*6R*CX154905X67688.003~REF*APC*00000~AMT*B6*637~SVC*HC:H0035*1500*637*0912*1~DTM*472*20260429~CAS*CO*45*863~REF*6R*CX154905X67689.002~REF*APC*00000~AMT*B6*637~SVC*HC:H0035*1500*637*0912*1~DTM*472*20260430~CAS*CO*45*863~REF*6R*CX154905X67690.001~REF*APC*00000~AMT*B6*637~SVC*HC:H0035*1500*637*0912*1~DTM*472*20260501~CAS*CO*45*863~REF*6R*CX154905X67691.001~REF*APC*00000~AMT*B6*637~CLP*CX155821X1*1*1500*636**13*780202614921783   00*13*3~NM1*QC*1*FEINSTEIN*HEATHER****MI*NJX3HZN25531220~NM1*IL*1*FEINSTEIN*LAUREN****MI*NJX3HZN25531220~NM1*74*1******C*NJX3HZN255312200~NM1*82*2*ASHLEY  HOADLEY*****XX*1821357682~DTM*232*20260518~DTM*233*20260520~DTM*050*20260529~PER*CX*NATIONAL ACCOUNTS PPO*TE*8006244758~AMT*AU*636~AMT*T2*636~SVC*HC:S9480*750*318*0905*1~DTM*472*20260518~CAS*CO*45*432~REF*6R*CX155821X67708.001~REF*APC*00000~AMT*B6*318~SVC*HC:S9480*750*318*0905*1~DTM*472*20260520~CAS*CO*45*432~REF*6R*CX155821X67710.001~REF*APC*00000~AMT*B6*318~CLP*CX155824X1*1*4500*1911**13*780202614922688   00*13*3~NM1*QC*1*PLOENES*KELLYANNE****MI*NJX3HZN27279000~NM1*IL*1*PLOENES*RICHARD****MI*NJX3HZN27279000~NM1*74*1******C*NJX3HZN272790000~NM1*82*2*ASHLEY  HOADLEY*****XX*1821357682~DTM*232*20260519~DTM*233*20260521~DTM*050*20260529~PER*CX*NATIONAL ACCOUNTS PPO*TE*8006244758~AMT*AU*1911~AMT*T2*1911~SVC*HC:H0035*1500*637*0912*1~DTM*472*20260519~CAS*CO*45*863~REF*6R*CX155824X67709.002~REF*APC*00000~AMT*B6*637~SVC*HC:H0035*1500*637*0912*1~DTM*472*20260520~CAS*CO*45*863~REF*6R*CX155824X67710.002~REF*APC*00000~AMT*B6*637~SVC*HC:H0035*1500*637*0912*1~DTM*472*20260521~CAS*CO*45*863~REF*6R*CX155824X67711.002~REF*APC*00000~AMT*B6*637~SE*221*000000001~GE*1*684205763~IEA*1*684205763~