ISA*00*          *00*          *ZZ*CHC            *ZZ*00962249       *260703*1110*^*00501*112409976*0*P*:~GS*HP*CHC*00962249*20260703*11103400*112409976*X*005010X221A1~ST*835*000000001~BPR*I*641.6*C*CHK************20260702~TRN*1*768206517*1591031071~REF*EV*133052274~REF*F2*GWFC~DTM*405*20260702~N1*PR*GREATWESTHEALTHCARE-CIGNA~N3*8505 E. ORCHARD RD~N4*GREENWOOD VILLAGE*CO*80111~REF*2U*62308~PER*CX*GWHC EDIPROD*EM*EDIESCALATEDREQUESTS@CIGNA.COM*TE*8008103388~PER*BL*EDI HELP DESK*TE*8008103388~N1*PE*RENFREW CENTER OF NEW JERSEY*XX*1164514691~N3*PO BOX 713700~N4*PHILADELPHIA*PA*19171~REF*PQ*200022813235~REF*TJ*223704728~LX*1~TS3*1164514691*13*20261231*1*1500~CLP*CX157268X1*1*1500*641.6*160.4*13*262410685900*13*2~NM1*QC*1*CARBINE*TERESA****MI*10967708702~NM1*IL*1*CARBINE*JOHN****MI*10967708700~REF*1L*00621429~REF*CE*OPEN ACCESS PLUS~REF*EA*IDX125446X8~REF*G1*NO AUTH REQUIRED~DTM*050*20260701~DTM*232*20260626~DTM*233*20260626~AMT*AU*802~SVC*HC:H0035*1500*641.6*0912*1~CAS*CO*45*698~CAS*PR*2*160.4~REF*APC*0~REF*6R*CX157268X67747.005~AMT*B6*802~SE*37*000000001~GE*1*112409976~IEA*1*112409976~