ISA*00*          *00*          *ZZ*CHC            *ZZ*00962249       *260703*0343*^*00501*987207665*0*P*:~GS*HP*CHC*00962249*20260703*03432600*987207665*X*005010X221A1~ST*835*000000001~BPR*I*11133.01*C*ACH*CCP*01*124384877*DA*720000932*1411289245*000087726*01*121000248*DA*4122170038*20260707~TRN*1*56038997*1411289245*000087726~REF*EV*BFT220003440~REF*F2*1284~DTM*405*20260702~N1*PR*UNITED HEALTHCARE INSURANCE COMPANY~N3*4 RESEARCH DRIVE~N4*SHELTON*CT*064846282~REF*2U*87726~PER*CX*PROVIDER ESOLUTIONS*TE*8778423210~PER*BL*OPERATIONS*TE*8662740906~N1*PE*THE RENFREW CENTER OF MARYLAND LLC*XX*1093940405~N3*PO BOX 823700~N4*PHILADELPHIA*PA*19182~REF*TJ*264628647~LX*1~TS3*P4306352*01*20261231*8*0~CLP*CX143371X2*22*-7500*0**HM*FE92373835*01*3~NM1*QC*1*ROCK*PARKER~NM1*IL*1*ROCK*EDWIN****MI*61737039104~NM1*74*1**PARKER~REF*CE*OPTUM HEALTH BEHAVIORAL SERVICES  OHBS~DTM*232*20250714~DTM*233*20250718~SVC*HC:H0035*-1500*0*0912*0**-1~DTM*472*20250714~CAS*CO*45*-1500~REF*6R*CX143371X67400.002~SVC*HC:H0035*-1500*0*0912*0**-1~DTM*472*20250715~CAS*CO*45*-1500~REF*6R*CX143371X67401.001~SVC*HC:H0035*-1500*0*0912*0**-1~DTM*472*20250716~CAS*CO*45*-1500~REF*6R*CX143371X67402.001~SVC*HC:H0035*-1500*0*0912*0**-1~DTM*472*20250717~CAS*CO*45*-1500~REF*6R*CX143371X67403.002~SVC*HC:H0035*-1500*0*0912*0**-1~DTM*472*20250718~CAS*CO*45*-1500~REF*6R*CX143371X67404.002~CLP*CX143371X2*1*7500*2840**HM*FE92373835*01*3~NM1*QC*1*ROCK*PARKER~NM1*IL*1*ROCK*EDWIN****MI*61737039104~NM1*74*1**PARKER~REF*CE*OPTUM HEALTH BEHAVIORAL SERVICES  OHBS~DTM*232*20250714~DTM*233*20250718~AMT*I*439.77~AMT*AU*2840~SVC*HC:H0035*1500*568*0912*0~DTM*472*20250714~CAS*CO*45*932~REF*6R*CX143371X67400.002~AMT*B6*568~SVC*HC:H0035*1500*568*0912*0~DTM*472*20250715~CAS*CO*45*932~REF*6R*CX143371X67401.001~AMT*B6*568~SVC*HC:H0035*1500*568*0912*0~DTM*472*20250716~CAS*CO*45*932~REF*6R*CX143371X67402.001~AMT*B6*568~SVC*HC:H0035*1500*568*0912*0~DTM*472*20250717~CAS*CO*45*932~REF*6R*CX143371X67403.002~AMT*B6*568~SVC*HC:H0035*1500*568*0912*0~DTM*472*20250718~CAS*CO*45*932~REF*6R*CX143371X67404.002~AMT*B6*568~CLP*CX143075X1*22*-7500*0**HM*FE94267188*01*3~NM1*QC*1*ROCK*PARKER~NM1*IL*1*ROCK*EDWIN****MI*61737039104~NM1*74*1**PARKER~REF*CE*OPTUM HEALTH BEHAVIORAL SERVICES  OHBS~DTM*232*20250707~DTM*233*20250711~SVC*HC:H0035*-1500*0*0912*0**-1~DTM*472*20250707~CAS*CO*45*-1500~REF*6R*CX143075X67393.002~SVC*HC:H0035*-1500*0*0912*0**-1~DTM*472*20250708~CAS*CO*45*-1500~REF*6R*CX143075X67394.002~SVC*HC:H0035*-1500*0*0912*0**-1~DTM*472*20250709~CAS*CO*45*-1500~REF*6R*CX143075X67395.001~SVC*HC:H0035*-1500*0*0912*0**-1~DTM*472*20250710~CAS*CO*45*-1500~REF*6R*CX143075X67396.003~SVC*HC:H0035*-1500*0*0912*0**-1~DTM*472*20250711~CAS*CO*45*-1500~REF*6R*CX143075X67397.002~CLP*CX143075X1*1*7500*2840**HM*FE94267188*01*3~NM1*QC*1*ROCK*PARKER~NM1*IL*1*ROCK*EDWIN****MI*61737039104~NM1*74*1**PARKER~REF*CE*OPTUM HEALTH BEHAVIORAL SERVICES  OHBS~DTM*232*20250707~DTM*233*20250711~AMT*I*439.77~AMT*AU*2840~SVC*HC:H0035*1500*568*0912*0~DTM*472*20250707~CAS*CO*45*932~REF*6R*CX143075X67393.002~AMT*B6*568~SVC*HC:H0035*1500*568*0912*0~DTM*472*20250708~CAS*CO*45*932~REF*6R*CX143075X67394.002~AMT*B6*568~SVC*HC:H0035*1500*568*0912*0~DTM*472*20250709~CAS*CO*45*932~REF*6R*CX143075X67395.001~AMT*B6*568~SVC*HC:H0035*1500*568*0912*0~DTM*472*20250710~CAS*CO*45*932~REF*6R*CX143075X67396.003~AMT*B6*568~SVC*HC:H0035*1500*568*0912*0~DTM*472*20250711~CAS*CO*45*932~REF*6R*CX143075X67397.002~AMT*B6*568~CLP*CX142799X1*22*-3000*0**HM*FE94267190*01*3~NM1*QC*1*ROCK*PARKER~NM1*IL*1*ROCK*EDWIN****MI*61737039104~NM1*74*1**PARKER~REF*CE*OPTUM HEALTH BEHAVIORAL SERVICES  OHBS~DTM*232*20250701~DTM*233*20250702~SVC*HC:H0035*-1500*0*0912*0**-1~DTM*472*20250701~CAS*CO*45*-1500~REF*6R*CX142799X67387.001~SVC*HC:H0035*-1500*0*0912*0**-1~DTM*472*20250702~CAS*CO*45*-1500~REF*6R*CX142799X67388.001~CLP*CX142799X1*1*3000*1136**HM*FE94267190*01*3~NM1*QC*1*ROCK*PARKER~NM1*IL*1*ROCK*EDWIN****MI*61737039104~NM1*74*1**PARKER~REF*CE*OPTUM HEALTH BEHAVIORAL SERVICES  OHBS~DTM*232*20250701~DTM*233*20250702~AMT*AU*1136~AMT*I*175.91~SVC*HC:H0035*1500*568*0912*0~DTM*472*20250701~CAS*CO*45*932~REF*6R*CX142799X67387.001~AMT*B6*568~SVC*HC:H0035*1500*568*0912*0~DTM*472*20250702~CAS*CO*45*932~REF*6R*CX142799X67388.001~AMT*B6*568~CLP*CX143944X2*22*-7500*0**HM*FF35898754*01*4~NM1*QC*1*ROCK*PARKER~NM1*IL*1*ROCK*EDWIN****MI*61737039104~NM1*74*1**PARKER~REF*CE*OPTUM HEALTH BEHAVIORAL SERVICES  OHBS~DTM*232*20250728~DTM*233*20250801~SVC*HC:H0035*-1500*0*0912*0**-1~DTM*472*20250728~CAS*CO*45*-1500~REF*6R*CX143944X67414.001~SVC*HC:H0035*-1500*0*0912*0**-1~DTM*472*20250729~CAS*CO*45*-1500~REF*6R*CX143944X67415.001~SVC*HC:H0035*-1500*0*0912*0**-1~DTM*472*20250730~CAS*CO*45*-1500~REF*6R*CX143944X67416.001~SVC*HC:H0035*-1500*0*0912*0**-1~DTM*472*20250731~CAS*CO*45*-1500~REF*6R*CX143944X67417.001~SVC*HC:H0035*-1500*0*0912*0**-1~DTM*472*20250801~CAS*CO*45*-1500~REF*6R*CX143944X67418.002~CLP*CX143944X2*1*7500*2840**HM*FF35898754*01*4~NM1*QC*1*ROCK*PARKER~NM1*IL*1*ROCK*EDWIN****MI*61737039104~NM1*74*1**PARKER~REF*CE*OPTUM HEALTH BEHAVIORAL SERVICES  OHBS~DTM*232*20250728~DTM*233*20250801~AMT*I*421.56~AMT*AU*2840~SVC*HC:H0035*1500*568*0912*0~DTM*472*20250728~CAS*CO*45*932~REF*6R*CX143944X67414.001~AMT*B6*568~SVC*HC:H0035*1500*568*0912*0~DTM*472*20250729~CAS*CO*45*932~REF*6R*CX143944X67415.001~AMT*B6*568~SVC*HC:H0035*1500*568*0912*0~DTM*472*20250730~CAS*CO*45*932~REF*6R*CX143944X67416.001~AMT*B6*568~SVC*HC:H0035*1500*568*0912*0~DTM*472*20250731~CAS*CO*45*932~REF*6R*CX143944X67417.001~AMT*B6*568~SVC*HC:H0035*1500*568*0912*0~DTM*472*20250801~CAS*CO*45*932~REF*6R*CX143944X67418.002~AMT*B6*568~PLB*1093940405*20261231*L6*-1477.01~SE*237*000000001~ST*835*000000002~BPR*I*2870*C*ACH*CCP*01*124384877*DA*1470858534*1411289245*000087726*01*121000248*DA*4122170038*20260707~TRN*1*W364348236*1411289245*000087726~REF*EV*B00099999800~REF*F2*1083~DTM*405*20260702~N1*PR*UNITED HEALTHCARE INSURANCE COMPANY~N3*9900 BREN ROAD~N4*MINNETONKA*MN*553439664~REF*2U*87726~PER*CX*ATLANTA SERVICE CENTER*TE*8778423210~PER*BL*UNKNOWN*UR*WWW.UNITEDHEALTHCAREONLINE.COM/B2C/CONTACTUS.DO~N1*PE*THE RENFREW CENTER OF MARYLAND LLC*XX*1093940405~N3*PO BOX 823700~N4*PHILADELPHIA*PA*19182~REF*TJ*264628647~LX*1~TS3*1093940405*13*20261231*1*7500~CLP*CX157046X1*1*7500*2870**13*FV43488940 0370000237*13*4~NM1*QC*1*COLBOURN*AUDREY~NM1*IL*1*COLBOURN*KEITH****MI*989472968~NM1*74*1***M~REF*EA*IDX136233X3~REF*BB*3N88VY01~REF*1L*921164~REF*G1*3N88VY-01~REF*CE*CHOYC+~DTM*232*20260615~DTM*233*20260619~DTM*050*20260625~AMT*AU*7500~SVC*HC:H0035*1500*574*0912*1~DTM*150*20260615~DTM*151*20260619~CAS*CO*45*926~REF*6R*CX157046X67736.002~AMT*B6*574~SVC*HC:H0035*1500*574*0912*1~DTM*150*20260615~DTM*151*20260619~CAS*CO*45*926~REF*6R*CX157046X67737.001~AMT*B6*574~SVC*HC:H0035*1500*574*0912*1~DTM*150*20260615~DTM*151*20260619~CAS*CO*45*926~REF*6R*CX157046X67738.002~AMT*B6*574~SVC*HC:H0035*1500*574*0912*1~DTM*150*20260615~DTM*151*20260619~CAS*CO*45*926~REF*6R*CX157046X67739.001~AMT*B6*574~SVC*HC:H0035*1500*574*0912*1~DTM*150*20260615~DTM*151*20260619~CAS*CO*45*926~REF*6R*CX157046X67740.001~AMT*B6*574~SE*62*000000002~GE*2*987207665~IEA*1*987207665~