ISA*00*          *00*          *ZZ*CHC            *ZZ*00962249       *260601*0226*^*00501*309203926*0*P*:~GS*HP*CHC*00962249*20260601*02263000*309203926*X*005010X221A1~ST*835*000000001~BPR*I*3508*C*ACH*CCP*01*042100272*DA*7480795058*1591031071**01*121000248*DA*4122170038*20260601~TRN*1*603801337582*1591031071~REF*EV*133052274~REF*F2*GWFC~DTM*405*20260528~N1*PR*GREATWESTHEALTHCARE-CIGNA~N3*8505 E. ORCHARD RD~N4*GREENWOOD VILLAGE*CO*80111~REF*2U*62308~PER*CX*GWHC EDIPROD*EM*EDIESCALATEDREQUESTS@CIGNA.COM*TE*8008103388~PER*BL*EDI HELP DESK*TE*8008103388~N1*PE*RENFREW CENTER OF FLORIDA LLC*XX*1912008137~N3*PO BOX 713700~N4*PHILADELPHIA*PA*191713700~REF*TJ*200995125~LX*1~TS3*1912008137*13*20261231*2*8250~CLP*CX155805X1*1*750*323**13*261936220900*13*3~NM1*QC*1*MCCLEAN*HALLIE****MI*11109053801~NM1*IL*1*MCCLEAN*KRISTINA*C***MI*11109053800~REF*1L*00657494~REF*CE*OPEN ACCESS PLUS~REF*EA*IDX135370X4~DTM*050*20260527~DTM*232*20260520~DTM*233*20260520~AMT*AU*323~SVC*HC:S9480*750*323*0905*1~CAS*CO*45*427~REF*APC*0~REF*6R*CX155805X67710.003~AMT*B6*323~CLP*CX155804X1*1*7500*3185**13*261936042400*13*3~NM1*QC*1*MANZ*ROBIN****MI*11245485300~REF*1L*00660378~REF*CE*OPEN ACCESS PLUS~REF*EA*IDX135734X3~DTM*050*20260527~DTM*232*20260518~DTM*233*20260522~AMT*AU*3185~SVC*HC:H0035*1500*637*0912*1~DTM*150*20260518~DTM*151*20260518~CAS*CO*45*863~REF*APC*0~REF*6R*CX155804X67708.006~AMT*B6*637~SVC*HC:H0035*1500*637*0912*1~DTM*150*20260519~DTM*151*20260519~CAS*CO*45*863~REF*APC*0~REF*6R*CX155804X67709.003~AMT*B6*637~SVC*HC:H0035*1500*637*0912*1~DTM*150*20260520~DTM*151*20260520~CAS*CO*45*863~REF*APC*0~REF*6R*CX155804X67710.003~AMT*B6*637~SVC*HC:H0035*1500*637*0912*1~DTM*150*20260521~DTM*151*20260521~CAS*CO*45*863~REF*APC*0~REF*6R*CX155804X67711.002~AMT*B6*637~SVC*HC:H0035*1500*637*0912*1~DTM*150*20260522~DTM*151*20260522~CAS*CO*45*863~REF*APC*0~REF*6R*CX155804X67712.004~AMT*B6*637~SE*78*000000001~GE*1*309203926~IEA*1*309203926~