ISA*00*          *00*          *ZZ*CHC            *ZZ*00962249       *260706*1851*^*00501*391407758*0*P*:~GS*HP*CHC*00962249*20260706*18510900*391407758*X*005010X221A1~ST*835*000000001~BPR*I*48490.22*C*ACH*CCP*01*043301627*DA*1069954659C*1341858379**01*121000248*DA*4122170038*20260708~TRN*1*1253598666*1341858379~DTM*405*20260706~N1*PR*INDEPENDENCE BLUE CROSS, LLC~N3*1901 MARKET STREET~N4*PHILADELPHIA*PA*19103~REF*2U*SX055~PER*CX*EDI SUPPORT TEAM*FX*4408355656*TE*4408353511~PER*BL*EDI SUPPORT TEAM~N1*PE*PA THE RENFREW CENTERS*XX*1417971904~N3*PO BOX 823700~N4*PHILADELPHIA*PA*19182~REF*TJ*200994813~LX*1~CLP*CX157134X1*1*108000*48490.22*2665.78*12*260630281763*86*1~NM1*QC*1*HOLLAND*EMERALD****MI*R60505454~NM1*IL*1*HOLLAND*RYAN*J***MI*R60505454~REF*CE*100027085~DTM*232*20260519~DTM*233*20260624~DTM*050*20260703~PER*CX**TE*4408353511~AMT*AU*51156~SVC*NU:1001*108000*48490.22**36**0~DTM*150*20260519~DTM*151*20260624~CAS*CO*45*56844*1~CAS*PR*3*2665.78*1~REF*6R*CX157134X67709.003~AMT*B6*51156~SE*32*000000001~GE*1*391407758~IEA*1*391407758~