ISA*00*          *00*          *ZZ*CHC            *ZZ*00962249       *260718*1033*^*00501*409606602*0*P*:~GS*HP*CHC*00962249*20260718*10332800*409606602*X*005010X221A1~ST*835*000000001~BPR*H*0*C*NON******9999999999*999999999*****20260722~TRN*1*W365803001*1411289245*000087726~REF*EV*B00099999800~REF*F2*1083~DTM*405*20260717~N1*PR*UNITED HEALTHCARE INSURANCE COMPANY~N3*9900 BREN ROAD~N4*MINNETONKA*MN*553439664~REF*2U*87726~PER*CX*ATLANTA SERVICE CENTER*TE*8778423210~PER*BL*UNKNOWN*UR*WWW.UNITEDHEALTHCAREONLINE.COM/B2C/CONTACTUS.DO~N1*PE*THE RENFREW CENTER OF NEW JERS*XX*1164514691~N3*PO BOX 713700~N4*PHILADELPHIA*PA*19171~REF*TJ*223704728~LX*1~TS3*1164514691*13*20261231*1*3000~CLP*CX157250X1*1*3000*0**13*FV62211655 0016500319*13*3~NM1*QC*1*TEO*CATHERINE~NM1*IL*1*TEO*STEVE****MI*980614867~REF*CE*CHOYC+~REF*1L*927534~REF*G1*QM32MU-01~REF*EA*IDX136244X3~DTM*232*20260622~DTM*233*20260623~DTM*050*20260701~AMT*AU*3000~SVC*HC:H0035*1500*0*0912*1~DTM*150*20260622~DTM*151*20260623~CAS*CO*197*1114**45*386~REF*6R*CX157250X67743.001~AMT*B6*1114~SVC*HC:H0035*1500*0*0912*1~DTM*150*20260622~DTM*151*20260623~CAS*CO*97*1500~REF*6R*CX157250X67744.002~SE*41*000000001~GE*1*409606602~IEA*1*409606602~