ISA*00*          *00*          *ZZ*CHC            *ZZ*00962249       *260710*1051*^*00501*727405246*0*P*:~GS*HP*CHC*00962249*20260710*10510700*727405246*X*005010X221A1~ST*835*000000001~BPR*I*348*C*CHK************20260709~TRN*1*768255480*1591031071~REF*EV*133052274~REF*F2*GWFC~DTM*405*20260709~N1*PR*GREATWESTHEALTHCARE-CIGNA~N3*8505 E. ORCHARD RD~N4*GREENWOOD VILLAGE*CO*80111~REF*2U*62308~PER*CX*GWHC EDIPROD*EM*EDIESCALATEDREQUESTS@CIGNA.COM*TE*8008103388~PER*BL*EDI HELP DESK*TE*8008103388~N1*PE*RENFREW CENTER OF MASSACHUSETTS*XX*1346674215~N3*PO BOX 713700~N4*PHILADELPHIA*PA*191713700~REF*PQ*200017679834~REF*TJ*463400788~LX*1~TS3*1346674215*13*20261231*1*750~CLP*CX157634X1*1*750*348**13*262496057800*13*4~NM1*QC*1*MEEHAN*MEGAN****MI*11164224700~REF*1L*00659045~REF*CE*OPEN ACCESS PLUS~REF*EA*IDX133939X7~REF*G1*NO PRIOR AUTH~DTM*050*20260708~DTM*232*20260629~DTM*233*20260629~AMT*AU*348~SVC*HC:S9480*750*348*0905*1~CAS*CO*45*402~REF*APC*0~REF*6R*CX157634X67750.002~AMT*B6*348~SE*35*000000001~GE*1*727405246~IEA*1*727405246~