ISA*00*          *00*          *ZZ*CHC            *ZZ*00962249       *260611*1035*^*00501*275207485*0*P*:~GS*HP*CHC*00962249*20260611*10351100*275207485*X*005010X221A1~ST*835*000000001~BPR*I*17783*C*ACH*CCP*01*124384877*DA*1470858534*1411289245*000087726*01*121000248*DA*4122170038*20260615~TRN*1*26162B1000004299*1411289245*000087726~REF*EV*B00099999800~DTM*405*20260611~N1*PR*UNITED HEALTHCARE INSURANCE COMPANY~N3*PO BOX 30755~N4*SALT LAKE CITY*UT*841300755~REF*2U*87726~PER*CX*UNITED BEHAVIORAL HEALTH*TE*8003338724~PER*BL*UNKNOWN*UR*WWW.UNITEDHEALTHCAREONLINE.COM/B2C/CONTACTUS.DO~N1*PE*THE RENFREW CENTER OF FLORIDA LLC*XX*1912008137~N3*PO BOX 823700~N4*PHILADELPHIA*PA*19182~REF*TJ*200995125~LX*1~CLP*134421*1*51000*17783*985*15*26XE67415600*11*1~NM1*QC*1*ZHANG*LYDIA****MI*C7840540802~NM1*IL*1*ZHANG*LYDIA****MI*OSC7840540804~NM1*74*1**JIANJUN****C*C78405408~REF*G1*D9FG2V-01~REF*1L*OH011539~DTM*232*20260414~DTM*233*20260501~DTM*050*20260527~AMT*AU*18768~SVC*NU:1001*3000*883.2**1~DTM*472*20260414~CAS*PR*2*220.8~CAS*CO*24*1896~REF*6R*142336746032556001~REF*HPI*1912051558~AMT*B6*1104~SVC*NU:1001*3000*883.2**1~DTM*472*20260415~CAS*PR*2*220.8~CAS*CO*24*1896~REF*6R*142336746032556002~REF*HPI*1912051558~AMT*B6*1104~SVC*NU:1001*3000*883.2**1~DTM*472*20260416~CAS*PR*2*220.8~CAS*CO*24*1896~REF*6R*142336746032556003~REF*HPI*1912051558~AMT*B6*1104~SVC*NU:1001*3000*883.2**1~DTM*472*20260417~CAS*PR*2*220.8~CAS*CO*24*1896~REF*6R*142336746032556004~REF*HPI*1912051558~AMT*B6*1104~SVC*NU:1001*3000*1002.2**1~DTM*472*20260418~CAS*PR*2*101.8~CAS*CO*24*1896~REF*6R*142336746032556005~REF*HPI*1912051558~AMT*B6*1104~SVC*NU:1001*3000*1104**1~DTM*472*20260419~CAS*CO*24*1896~REF*6R*142336746032556006~REF*HPI*1912051558~AMT*B6*1104~SVC*NU:1001*3000*1104**1~DTM*472*20260420~CAS*CO*24*1896~REF*6R*142336746032556007~REF*HPI*1912051558~AMT*B6*1104~SVC*NU:1001*3000*1104**1~DTM*472*20260421~CAS*CO*24*1896~REF*6R*142336746032556008~REF*HPI*1912051558~AMT*B6*1104~SVC*NU:1001*3000*1104**1~DTM*472*20260422~CAS*CO*24*1896~REF*6R*142336746032556009~REF*HPI*1912051558~AMT*B6*1104~SVC*NU:1001*3000*1104**1~DTM*472*20260423~CAS*CO*24*1896~REF*6R*142336746032556010~REF*HPI*1912051558~AMT*B6*1104~SVC*NU:1001*3000*1104**1~DTM*472*20260424~CAS*CO*24*1896~REF*6R*142336746032556011~REF*HPI*1912051558~AMT*B6*1104~SVC*NU:1001*3000*1104**1~DTM*472*20260425~CAS*CO*24*1896~REF*6R*142336746032556012~REF*HPI*1912051558~AMT*B6*1104~SVC*NU:1001*3000*1104**1~DTM*472*20260426~CAS*CO*24*1896~REF*6R*142336746032556013~REF*HPI*1912051558~AMT*B6*1104~SVC*NU:1001*3000*1104**1~DTM*472*20260427~CAS*CO*24*1896~REF*6R*142336746032556014~REF*HPI*1912051558~AMT*B6*1104~SVC*NU:1001*3000*1104**1~DTM*472*20260428~CAS*CO*24*1896~REF*6R*142336746032556015~REF*HPI*1912051558~AMT*B6*1104~SVC*NU:1001*3000*1104**1~DTM*472*20260429~CAS*CO*24*1896~REF*6R*142336746032556016~REF*HPI*1912051558~AMT*B6*1104~SVC*NU:1001*3000*1104**1~DTM*472*20260430~CAS*CO*24*1896~REF*6R*142336746032556017~REF*HPI*1912051558~AMT*B6*1104~SE*134*000000001~GE*1*275207485~IEA*1*275207485~