ISA*00*          *00*          *ZZ*CHC            *ZZ*00962249       *260630*0620*^*00501*877211595*0*P*:~GS*HP*CHC*00962249*20260630*06202000*877211595*X*005010X221A1~ST*835*000000001~BPR*H*0*C*NON************20260630~TRN*1*926181000396053*1561545517~REF*EV*133052274~DTM*405*20260630~N1*PR*AETNA~N3*151 FARMINGTON AVENUE~N4*HARTFORD*CT*06156~REF*2U*60054~PER*BL*PROVIDER SERVICE~N1*PE*THE RENFREW CENTER OF NORTH CAROLINA, LLC*XX*1841497518~N3*PO BOX 713700~N4*PHILADELPHIA*PA*191713700~REF*PQ*353225980~REF*TJ*205508748~LX*1~TS3*1841497518*22*20261231*2*0~CLP*CX150004X1*22*-1500*0**13*E9ADQZNBQ0002*13*2~NM1*QC*1*BROWN*AINSLEY~NM1*IL*1*BROWN*HEATHER****MI*NMKMAATANQJK~NM1*74*1******C*NAK3KANKGMNT~NM1*82*2*THE RENFREW CENTER OF NORTH CAROLIN*****XX*1841497518~MOA***MA15~REF*G1*073376039~REF*1L*0192685-011-00102- D~REF*CE*AETNA CHOICE  POS II NET 00454~DTM*232*20260102~DTM*233*20260102~DTM*036*20251231~DTM*050*20260105~PER*CX**TE*8886323862~SVC*HC:H0035*-1500*0*0912*0**1~DTM*472*20260102~CAS*PR*27*-1500*1~REF*6R*CX150004X67572.002~LQ*HE*N650~CLP*CX150004X1*1*1500*0*601*13*E9ADQZNBQ0003*13*2~NM1*QC*1*BROWN*AINSLEY~NM1*IL*1*BROWN*HEATHER****MI*NMKMAATANQJK~NM1*74*1******C*NAK3KANKGMNT~NM1*82*2*THE RENFREW CENTER OF NORTH CAROLIN*****XX*1841497518~MOA***MA15~REF*G1*073376039~REF*1L*0192685-011-00102- D~REF*CE*AETNA CHOICE  POS II NET 00454~REF*F8*E9ADQZNBQ0002~DTM*232*20260102~DTM*233*20260102~DTM*050*20260602~PER*CX**TE*8886323862~AMT*AU*1500~SVC*HC:H0035*1500*0*0912*1~DTM*472*20260102~CAS*CO*45*899~CAS*PR*1*601~REF*6R*CX150004X67572.002~AMT*B6*601~PLB*1841497518*20261231*FB:926178000028786*3691.85*FB:926181000396053*-3691.85~SE*59*000000001~GE*1*877211595~IEA*1*877211595~