ISA*00*          *00*          *ZZ*CHC            *ZZ*00962249       *260714*0611*^*00501*943606347*0*P*:~GS*HP*CHC*00962249*20260714*06113900*943606347*X*005010X221A1~ST*835*000000001~BPR*I*4147.2*C*ACH*CCP*01*031100209*DA*0000009108*1066033492**01*121000248*DA*4122170038*20260717~TRN*1*826195000231561*1066033492~REF*EV*133052274~DTM*405*20260714~N1*PR*AETNA~N3*151 FARMINGTON AVENUE~N4*HARTFORD*CT*06156~REF*2U*60054~PER*BL*PROVIDER SERVICE~N1*PE*THE RENFREW CENTER OF PHILADELPHIA LLC*XX*1417971904~N3*PO BOX 713700~N4*PHILADELPHIA*PA*191713700~REF*PQ*182224660~REF*TJ*200994813~LX*1~TS3*1417971904*55*20261231*1*12000~CLP*CX157413X6*1*12000*4147.2*1036.8*HM*EMADXT1GB0000*11*2~NM1*QC*1*FLEISCHER*LILAH~NM1*IL*1*ATOR*SCOTT****MI*W204223237~NM1*82*2*THE RENFREW CENTER OF PENNSYLVANIA*****XX*1417971904~REF*G1*075209726~REF*1L*0866065-011-00001- F~REF*CE*AETNA HEALTH NETWORK ONLY  8480  (OPEN A NET 01979~DTM*232*20260702~DTM*233*20260705~DTM*050*20260706~PER*CX**TE*8886323862~AMT*AU*12000~SVC*NU:0124*3000*1036.8**1*NU:1001~DTM*472*20260702~CAS*CO*45*1704~CAS*PR*2*259.2~REF*6R*CX157413X67753.004~AMT*B6*1296~SVC*NU:0124*3000*1036.8**1*NU:1001~DTM*472*20260703~CAS*CO*45*1704~CAS*PR*2*259.2~REF*6R*CX157413X67754.001~AMT*B6*1296~SVC*NU:0124*3000*1036.8**1*NU:1001~DTM*472*20260704~CAS*CO*45*1704~CAS*PR*2*259.2~REF*6R*CX157413X67755.002~AMT*B6*1296~SVC*NU:0124*3000*1036.8**1*NU:1001~DTM*472*20260705~CAS*CO*45*1704~CAS*PR*2*259.2~REF*6R*CX157413X67756.002~AMT*B6*1296~SE*54*000000001~ST*835*000000002~BPR*I*40627*C*ACH*CCP*01*011900445*DA*0000009046*1066033492**01*121000248*DA*4122170038*20260717~TRN*1*826195000231563*1066033492~REF*EV*133052274~DTM*405*20260714~N1*PR*AETNA~N3*151 FARMINGTON AVENUE~N4*HARTFORD*CT*06156~REF*2U*60054~PER*BL*PROVIDER SERVICE~N1*PE*THE RENFREW CENTER OF PHILADELPHIA LLC*XX*1417971904~N3*PO BOX 713700~N4*PHILADELPHIA*PA*191713700~REF*PQ*182224660~REF*TJ*200994813~LX*1~TS3*1417971904*22*20261231*1*3000~CLP*CX157467X1*1*3000*1306**13*EKJNXS59G0000*13*3~NM1*QC*1*STANTON*CARRIE~NM1*IL*1*STANTON*KIMBERLY****MI*W280373806~NM1*82*2*THE RENFREW CENTER OF PITTSBURGH*****XX*1417971904~REF*G1*074954934~REF*1L*0283903-011-00024-EC~REF*CE*AETNA CHOICE  POS II NET 02152~DTM*232*20260629~DTM*233*20260702~DTM*050*20260706~PER*CX**TE*8886323862~AMT*AU*3000~SVC*HC:H0035*1500*653*0912*1~DTM*472*20260629~CAS*CO*45*847~REF*6R*CX157467X67750.002~AMT*B6*653~SVC*HC:H0035*1500*653*0912*1~DTM*472*20260702~CAS*CO*45*847~REF*6R*CX157467X67753.005~AMT*B6*653~LX*2~TS3*1417971904*22*20261231*4*6750~CLP*CX157448X1*1*1500*653**13*EJPDXTQBQ0000*13*3~NM1*QC*1*GIBNEY-KRASHEN*ALEXIS~NM1*IL*1*KRASHEN*DANIEL****MI*W280817439~NM1*82*2*THE RENFREW CENTER OF PENNSYLVANIA,*****XX*1417971904~MOA***MA15~REF*G1*075005468~REF*1L*0811778-020-00002- E~REF*CE*AETNA CHOICE  POS II NET 00408~DTM*232*20260630~DTM*233*20260630~DTM*050*20260706~PER*CX**TE*8886323862~AMT*AU*1500~SVC*HC:H0035*1500*653*0912*1~DTM*472*20260630~CAS*CO*45*847~REF*6R*CX157448X67751.003~AMT*B6*653~CLP*CX157448X1*1*3000*1306**13*EJPDXTQBQ0001*13*3~NM1*QC*1*GIBNEY-KRASHEN*ALEXIS~NM1*IL*1*KRASHEN*DANIEL****MI*W280817439~NM1*82*2*THE RENFREW CENTER OF PENNSYLVANIA,*****XX*1417971904~MOA***MA15~REF*G1*075005468~REF*1L*0811778-020-00002- E~REF*CE*AETNA CHOICE  POS II NET 00408~DTM*232*20260701~DTM*233*20260702~DTM*050*20260706~PER*CX**TE*8886323862~AMT*AU*3000~SVC*HC:H0035*1500*653*0912*1~DTM*472*20260701~CAS*CO*45*847~REF*6R*CX157448X67752.004~AMT*B6*653~SVC*HC:H0035*1500*653*0912*1~DTM*472*20260702~CAS*CO*45*847~REF*6R*CX157448X67753.002~AMT*B6*653~CLP*CX157892X1*1*750*358**13*EPY2XVQLH0000*13*1~NM1*QC*1*COHEN*SAMARA~NM1*IL*1*COHEN*EDAN****MI*0000196210~NM1*74*1******C*W293722774~NM1*82*2*THE RENFREW CENTER OF PENNSYLVANIA,*****XX*1417971904~MOA***MA15~REF*1L*0697478-013-00001-EB~REF*CE*AETNA CHOICE  POS II NET 00408~DTM*232*20260630~DTM*233*20260630~DTM*050*20260708~PER*CX**TE*8886323862~AMT*AU*750~SVC*HC:S9480*750*358*0905*1~DTM*472*20260630~CAS*CO*45*392~REF*6R*CX157892X67751.004~AMT*B6*358~CLP*CX157892X1*1*1500*716**13*EPY2XVQLH0001*13*1~NM1*QC*1*COHEN*SAMARA~NM1*IL*1*COHEN*EDAN****MI*0000196210~NM1*74*1******C*W293722774~NM1*82*2*THE RENFREW CENTER OF PENNSYLVANIA,*****XX*1417971904~MOA***MA15~REF*1L*0697478-013-00001-EB~REF*CE*AETNA CHOICE  POS II NET 00408~DTM*232*20260701~DTM*233*20260702~DTM*050*20260708~PER*CX**TE*8886323862~AMT*AU*1500~SVC*HC:S9480*750*358*0905*1~DTM*472*20260701~CAS*CO*45*392~REF*6R*CX157892X67752.001~AMT*B6*358~SVC*HC:S9480*750*358*0905*1~DTM*472*20260702~CAS*CO*45*392~REF*6R*CX157892X67753.002~AMT*B6*358~LX*3~TS3*1417971904*55*20261231*4*84000~CLP*CX157408X1*1*21000*9072**13*EKTYXS2570000*11*3~NM1*QC*1*MUIR*ERICA****MI*W294006234~NM1*82*2*THE RENFREW CENTER OF PENNSYLVANIA*****XX*1417971904~REF*G1*075071924~REF*1L*0868404-030-00001- N~REF*CE*AETNA CHOICE  POS II NET 00408~DTM*232*20260629~DTM*233*20260705~DTM*050*20260706~PER*CX**TE*8886323862~AMT*AU*21000~SVC*NU:0124*3000*1296**1*NU:1001~DTM*472*20260629~CAS*CO*45*1704~REF*6R*CX157408X67750.002~AMT*B6*1296~SVC*NU:0124*3000*1296**1*NU:1001~DTM*472*20260630~CAS*CO*45*1704~REF*6R*CX157408X67751.004~AMT*B6*1296~SVC*NU:0124*3000*1296**1*NU:1001~DTM*472*20260701~CAS*CO*45*1704~REF*6R*CX157408X67752.003~AMT*B6*1296~SVC*NU:0124*3000*1296**1*NU:1001~DTM*472*20260702~CAS*CO*45*1704~REF*6R*CX157408X67753.002~AMT*B6*1296~SVC*NU:0124*3000*1296**1*NU:1001~DTM*472*20260703~CAS*CO*45*1704~REF*6R*CX157408X67754.001~AMT*B6*1296~SVC*NU:0124*3000*1296**1*NU:1001~DTM*472*20260704~CAS*CO*45*1704~REF*6R*CX157408X67755.004~AMT*B6*1296~SVC*NU:0124*3000*1296**1*NU:1001~DTM*472*20260705~CAS*CO*45*1704~REF*6R*CX157408X67756.003~AMT*B6*1296~CLP*CX157409X2*1*21000*9072**13*ELFDXS7CX0000*11*3~NM1*QC*1*LOWE*ARIANA~NM1*IL*1*LOWE*ANTHONY****MI*W271676428~NM1*82*2*THE RENFREW CENTER OF PENNSYLVANIA*****XX*1417971904~REF*G1*074871521~REF*1L*0192643-010-00001- E~REF*CE*AETNA CHOICE  POS II NET 00408~DTM*232*20260629~DTM*233*20260705~DTM*050*20260706~PER*CX**TE*8886323862~AMT*AU*21000~SVC*NU:0124*3000*1296**1*NU:1001~DTM*472*20260629~CAS*CO*45*1704~REF*6R*CX157409X67750.003~AMT*B6*1296~SVC*NU:0124*3000*1296**1*NU:1001~DTM*472*20260630~CAS*CO*45*1704~REF*6R*CX157409X67751.001~AMT*B6*1296~SVC*NU:0124*3000*1296**1*NU:1001~DTM*472*20260701~CAS*CO*45*1704~REF*6R*CX157409X67752.002~AMT*B6*1296~SVC*NU:0124*3000*1296**1*NU:1001~DTM*472*20260702~CAS*CO*45*1704~REF*6R*CX157409X67753.001~AMT*B6*1296~SVC*NU:0124*3000*1296**1*NU:1001~DTM*472*20260703~CAS*CO*45*1704~REF*6R*CX157409X67754.001~AMT*B6*1296~SVC*NU:0124*3000*1296**1*NU:1001~DTM*472*20260704~CAS*CO*45*1704~REF*6R*CX157409X67755.002~AMT*B6*1296~SVC*NU:0124*3000*1296**1*NU:1001~DTM*472*20260705~CAS*CO*45*1704~REF*6R*CX157409X67756.002~AMT*B6*1296~CLP*CX157410X3*1*21000*9072**12*ELPDXN4JN0000*11*3~NM1*QC*1*PENA*KARLA~NM1*82*2*THE RENFREW CENTER OF PENNSYLVANIA*****XX*1417971904~REF*G1*075107471~REF*1L*0285593-016-00180-HD~REF*CE*OPEN ACCESS AETNA SELECT  8480 NET 01217~DTM*232*20260629~DTM*233*20260705~DTM*050*20260706~PER*CX**TE*8886323862~AMT*AU*21000~SVC*NU:0124*3000*1296**1*NU:1001~DTM*472*20260629~CAS*CO*45*1704~REF*6R*CX157410X67750.002~AMT*B6*1296~SVC*NU:0124*3000*1296**1*NU:1001~DTM*472*20260630~CAS*CO*45*1704~REF*6R*CX157410X67751.003~AMT*B6*1296~SVC*NU:0124*3000*1296**1*NU:1001~DTM*472*20260701~CAS*CO*45*1704~REF*6R*CX157410X67752.004~AMT*B6*1296~SVC*NU:0124*3000*1296**1*NU:1001~DTM*472*20260702~CAS*CO*45*1704~REF*6R*CX157410X67753.001~AMT*B6*1296~SVC*NU:0124*3000*1296**1*NU:1001~DTM*472*20260703~CAS*CO*45*1704~REF*6R*CX157410X67754.002~AMT*B6*1296~SVC*NU:0124*3000*1296**1*NU:1001~DTM*472*20260704~CAS*CO*45*1704~REF*6R*CX157410X67755.006~AMT*B6*1296~SVC*NU:0124*3000*1296**1*NU:1001~DTM*472*20260705~CAS*CO*45*1704~REF*6R*CX157410X67756.004~AMT*B6*1296~CLP*CX157412X5*1*21000*9072**13*ELY2XS1SZ0000*11*3~NM1*QC*1*LI*ANNA~NM1*IL*1*ZHOU*CHUNLING****MI*W500716003~NM1*82*2*THE RENFREW CENTER OF PENNSYLVANIA*****XX*1417971904~REF*G1*075029404~REF*1L*0192643-011-00001- L~REF*CE*AETNA CHOICE  POS II NET 00408~DTM*232*20260629~DTM*233*20260705~DTM*050*20260706~PER*CX**TE*8886323862~AMT*AU*21000~SVC*NU:0124*3000*1296**1*NU:1001~DTM*472*20260629~CAS*CO*45*1704~REF*6R*CX157412X67750.003~AMT*B6*1296~SVC*NU:0124*3000*1296**1*NU:1001~DTM*472*20260630~CAS*CO*45*1704~REF*6R*CX157412X67751.002~AMT*B6*1296~SVC*NU:0124*3000*1296**1*NU:1001~DTM*472*20260701~CAS*CO*45*1704~REF*6R*CX157412X67752.004~AMT*B6*1296~SVC*NU:0124*3000*1296**1*NU:1001~DTM*472*20260702~CAS*CO*45*1704~REF*6R*CX157412X67753.003~AMT*B6*1296~SVC*NU:0124*3000*1296**1*NU:1001~DTM*472*20260703~CAS*CO*45*1704~REF*6R*CX157412X67754.002~AMT*B6*1296~SVC*NU:0124*3000*1296**1*NU:1001~DTM*472*20260704~CAS*CO*45*1704~REF*6R*CX157412X67755.005~AMT*B6*1296~SVC*NU:0124*3000*1296**1*NU:1001~DTM*472*20260705~CAS*CO*45*1704~REF*6R*CX157412X67756.003~AMT*B6*1296~SE*312*000000002~GE*2*943606347~IEA*1*943606347~