ISA*00*          *00*          *ZZ*CHC            *ZZ*00962249       *260711*0814*^*00501*799407246*0*P*:~GS*HP*CHC*00962249*20260711*08141600*799407246*X*005010X221A1~ST*835*000000001~BPR*I*1417.1*C*ACH*CCP*01*093702139*DA*0601849573*1591031071**01*121000248*DA*4122170038*20260713~TRN*1*260709090048896*1591031071~REF*EV*133052274~REF*F2*PM~DTM*405*20260710~N1*PR*CIGNA HEALTH AND LIFE INSURANCE COMPANY~N3*P.O. BOX 182223~N4*CHATTANOOGA*TN*374227223~REF*2U*62308~PER*BL*EDI HELP DESK*TE*8008103388~N1*PE*RENFREW CTR OF MD*XX*1093940405~N3*PO BOX 713700~N4*PHILADELPHIA*PA*191713700~REF*TJ*264628647~LX*1~TS3*1093940405*13*20261231*2*3000~CLP*CX157584X1*1*750*383**13*4682618994490*13*3~NM1*QC*1*KESSLER*JULIA*P***MI*U4825364903~NM1*IL*1*KESSLER*WENDY****MI*U4825364901~REF*1L*3216080~REF*CE*OPEN ACCESS PLUS~REF*EA*IDX132205X7~REF*G1*NO AUTH REQUIRED~DTM*050*20260708~DTM*232*20260629~DTM*233*20260629~PER*CX*MEMBER SERVICES*TE*8002446224~AMT*AU*383~SVC*HC:S9480*750*383*0905*1~CAS*CO*45*367~REF*6R*CX157584X67750.001~AMT*B6*383~CLP*CX157583X2*1*2250*1034.1*114.9*13*9672618991485*13*3~NM1*QC*1*BETZ*SASHA****MI*81843686902~NM1*IL*1*BETZ*JUSTIN****MI*81843686901~REF*1L*3331238~REF*CE*OPEN ACCESS PLUS~REF*EA*IDX135192X5~DTM*050*20260708~DTM*232*20260629~DTM*233*20260702~PER*CX*MEMBER SERVICES*TE*8002446224~AMT*AU*1149~SVC*HC:S9480*750*344.7*0905*1~DTM*150*20260629~DTM*151*20260629~CAS*CO*45*367~CAS*PR*2*38.3~REF*6R*CX157583X67750.001~AMT*B6*383~SVC*HC:S9480*750*344.7*0905*1~DTM*150*20260701~DTM*151*20260701~CAS*CO*45*367~CAS*PR*2*38.3~REF*6R*CX157583X67752.001~AMT*B6*383~SVC*HC:S9480*750*344.7*0905*1~DTM*150*20260702~DTM*151*20260702~CAS*CO*45*367~CAS*PR*2*38.3~REF*6R*CX157583X67753.001~AMT*B6*383~SE*66*000000001~ST*835*000000002~BPR*I*1915*C*ACH*CCP*01*004401195*DA*0000070420*1411648670**01*121000248*DA*4122170038*20260713~TRN*1*260709090048895*1411648670~REF*EV*133052274~REF*F2*PM~DTM*405*20260710~N1*PR*EVERNORTH BEHAVIORAL HEALTH, INC.~N3*P. O. BOX 182223~N4*CHATTANOOGA*TN*374227223~REF*2U*62308~PER*BL*EDI HELP DESK*TE*8008103388~N1*PE*RENFREW CTR OF MD*XX*1093940405~N3*PO BOX 713700~N4*PHILADELPHIA*PA*191713700~REF*TJ*264628647~LX*1~TS3*1093940405*13*20261231*2*3750~CLP*CX157582X1*1*2250*1149**13*8682618996935*13*3~NM1*QC*1*GRUNDY*EMILY*M***MI*00009727301~REF*1L*3345160~REF*CE*OPEN ACCESS PLUS~REF*EA*IDX105811X7~REF*G1*NO AUTH REQUIRED~DTM*050*20260708~DTM*232*20260629~DTM*233*20260702~PER*CX*MEMBER SERVICES*TE*8002446224~AMT*AU*1149~SVC*HC:S9480*750*383*0905*1~DTM*150*20260629~DTM*151*20260629~CAS*CO*45*367~REF*6R*CX157582X67750.001~AMT*B6*383~SVC*HC:S9480*750*383*0905*1~DTM*150*20260701~DTM*151*20260701~CAS*CO*45*367~REF*6R*CX157582X67752.001~AMT*B6*383~SVC*HC:S9480*750*383*0905*1~DTM*150*20260702~DTM*151*20260702~CAS*CO*45*367~REF*6R*CX157582X67753.001~AMT*B6*383~CLP*CX157587X1*1*1500*766**13*9222618991858*13*3~NM1*QC*1*KULYNYCH-IRVIN*STORRIE*J***MI*U7023672903~NM1*IL*1*IRVIN*DOUGLAS****MI*U7023672901~REF*1L*3209240~REF*CE*OPEN ACCESS PLUS~REF*EA*IDX136101X6~REF*G1*NO AUTHORIZATION REQUIRED~DTM*050*20260708~DTM*232*20260629~DTM*233*20260702~PER*CX*MEMBER SERVICES*TE*8002446224~AMT*AU*766~SVC*HC:S9480:95*750*383*0905*1~DTM*150*20260629~DTM*151*20260629~CAS*CO*45*367~REF*6R*CX157587X67750.002~AMT*B6*383~SVC*HC:S9480:95*750*383*0905*1~DTM*150*20260702~DTM*151*20260702~CAS*CO*45*367~REF*6R*CX157587X67753.002~AMT*B6*383~SE*71*000000002~GE*2*799407246~IEA*1*799407246~