ISA*00*          *00*          *ZZ*CHC            *ZZ*00962249       *260609*0622*^*00501*953806420*0*P*:~GS*HP*CHC*00962249*20260609*06224100*953806420*X*005010X221A1~ST*835*000000001~BPR*I*3090*C*ACH*CCP*01*031100209*DA*0000009108*1066033492**01*121000248*DA*4122170038*20260612~TRN*1*826160000009180*1066033492~REF*EV*133052274~DTM*405*20260609~N1*PR*AETNA~N3*151 FARMINGTON AVENUE~N4*HARTFORD*CT*06156~REF*2U*60054~PER*BL*PROVIDER SERVICE~N1*PE*THE RENFREW CENTER OF MASSACHUSETTS, LLC*XX*1346674215~N3*PO BOX 713700~N4*PHILADELPHIA*PA*191713700~REF*PQ*046923740~REF*TJ*463400788~LX*1~TS3*1346674215*22*20261231*2*7500~CLP*CX156150X2*1*6000*2400**12*E2615301500000*13*3~NM1*QC*1*HUANG*HELLEN****MI*W261474572~REF*1L*0711110-036-00101-UE~REF*CE*PPO-MEDICAL NET 00124~DTM*232*20260526~DTM*233*20260529~DTM*050*20260602~PER*CX**TE*8886323862~AMT*AU*6000~SVC*HC:H0035*1500*600**1~DTM*472*20260526~CAS*CO*45*900~REF*6R*CX156150X67716.004~AMT*B6*600~SVC*HC:H0035*1500*600**1~DTM*472*20260527~CAS*CO*45*900~REF*6R*CX156150X67717.004~AMT*B6*600~SVC*HC:H0035*1500*600**1~DTM*472*20260528~CAS*CO*45*900~REF*6R*CX156150X67718.004~AMT*B6*600~SVC*HC:H0035*1500*600**1~DTM*472*20260529~CAS*CO*45*900~REF*6R*CX156150X67719.002~AMT*B6*600~CLP*CX156152X1*1*1500*690**12*E2615301610000*13*3~NM1*QC*1*STEPHENS*MIA****MI*W281493469~REF*1L*0711110-036-00101-UE~REF*CE*PPO-MEDICAL NET 00124~DTM*232*20260526~DTM*233*20260528~DTM*050*20260602~PER*CX**TE*8886323862~AMT*AU*1500~SVC*HC:S9480*750*345**1~DTM*472*20260526~CAS*CO*45*405~REF*6R*CX156152X67716.003~AMT*B6*345~SVC*HC:S9480*750*345**1~DTM*472*20260528~CAS*CO*45*405~REF*6R*CX156152X67718.003~AMT*B6*345~SE*66*000000001~GE*1*953806420~IEA*1*953806420~