ISA*00*          *00*          *ZZ*CHC            *ZZ*00962249       *260714*0611*^*00501*943606310*0*P*:~GS*HP*CHC*00962249*20260714*06113900*943606310*X*005010X221A1~ST*835*000000001~BPR*I*12420*C*ACH*CCP*01*011900445*DA*0000009046*1066033492**01*121000248*DA*4122170038*20260717~TRN*1*826195000230748*1066033492~REF*EV*133052274~DTM*405*20260714~N1*PR*AETNA~N3*151 FARMINGTON AVENUE~N4*HARTFORD*CT*06156~REF*2U*60054~PER*BL*PROVIDER SERVICE~N1*PE*RENFREW CENTER OF NJ, LLC*XX*1164514691~N3*PO BOX 713700~N4*PHILADELPHIA*PA*191713700~REF*PQ*926670170~REF*TJ*223704728~LX*1~TS3*1164514691*22*20261231*6*30000~CLP*CX157253X3*1*6000*2484**13*E0PDVPXQJ0000*13*3~NM1*QC*1*ESTEPP*OLIVIA~NM1*IL*1*ESTEPP*JESSICA****MI*W287264157~NM1*74*1*SIMON-ESTEPP~NM1*82*2*THE RENFREW CENTER OF NEW JERSEY*****XX*1164514691~REF*1L*0237611-040-00001-NA~REF*CE*AETNA CHOICE  POS II NET 01450~DTM*232*20260622~DTM*233*20260626~DTM*050*20260630~PER*CX**TE*8886323862~AMT*AU*6000~SVC*HC:H0035*1500*621*0912*1~DTM*472*20260622~CAS*CO*45*879~REF*6R*CX157253X67743.004~AMT*B6*621~SVC*HC:H0035*1500*621*0912*1~DTM*472*20260623~CAS*CO*45*879~REF*6R*CX157253X67744.004~AMT*B6*621~SVC*HC:H0035*1500*621*0912*1~DTM*472*20260625~CAS*CO*45*879~REF*6R*CX157253X67746.004~AMT*B6*621~SVC*HC:H0035*1500*621*0912*1~DTM*472*20260626~CAS*CO*45*879~REF*6R*CX157253X67747.002~AMT*B6*621~CLP*CX157252X2*1*1500*621**13*E0Y2VPX440000*13*3~NM1*QC*1*LEDERER*ABIGAIL~NM1*IL*1*LEDERER*NATHAN****MI*W184943090~NM1*82*2*THE RENFREW CENTER OF NEW JERSEY*****XX*1164514691~MOA***MA15~REF*G1*074907383~REF*1L*0237115-022-00039-AZ~REF*CE*AETNA CHOICE  POS II NET 12397~DTM*232*20260626~DTM*233*20260626~DTM*050*20260630~PER*CX**TE*8886323862~AMT*AU*1500~SVC*HC:H0035*1500*621*0912*1~DTM*472*20260626~CAS*CO*45*879~REF*6R*CX157252X67747.002~AMT*B6*621~CLP*CX157522X2*1*6000*2484**13*E5ADVTHLR0000*13*3~NM1*QC*1*LEDERER*ABIGAIL~NM1*IL*1*LEDERER*NATHAN****MI*W184943090~NM1*82*2*THE RENFREW CENTER OF NEW JERSEY*****XX*1164514691~MOA***MA15~REF*G1*074907383~REF*1L*0237115-022-00039-AZ~REF*CE*AETNA CHOICE  POS II NET 12397~DTM*232*20260629~DTM*233*20260702~DTM*050*20260707~PER*CX**TE*8886323862~AMT*AU*6000~SVC*HC:H0035*1500*621*0912*1~DTM*472*20260629~CAS*CO*45*879~REF*6R*CX157522X67750.004~AMT*B6*621~SVC*HC:H0035*1500*621*0912*1~DTM*472*20260630~CAS*CO*45*879~REF*6R*CX157522X67751.004~AMT*B6*621~SVC*HC:H0035*1500*621*0912*1~DTM*472*20260701~CAS*CO*45*879~REF*6R*CX157522X67752.001~AMT*B6*621~SVC*HC:H0035*1500*621*0912*1~DTM*472*20260702~CAS*CO*45*879~REF*6R*CX157522X67753.001~AMT*B6*621~CLP*CX157523X3*1*6000*2484**13*E5JNVTB9W0000*13*3~NM1*QC*1*ESTEPP*OLIVIA~NM1*IL*1*ESTEPP*JESSICA****MI*W287264157~NM1*74*1*SIMON-ESTEPP~NM1*82*2*THE RENFREW CENTER OF NEW JERSEY*****XX*1164514691~REF*1L*0237611-040-00001-NA~REF*CE*AETNA CHOICE  POS II NET 01450~DTM*232*20260629~DTM*233*20260702~DTM*050*20260707~PER*CX**TE*8886323862~AMT*AU*6000~SVC*HC:H0035*1500*621*0912*1~DTM*472*20260629~CAS*CO*45*879~REF*6R*CX157523X67750.004~AMT*B6*621~SVC*HC:H0035*1500*621*0912*1~DTM*472*20260630~CAS*CO*45*879~REF*6R*CX157523X67751.003~AMT*B6*621~SVC*HC:H0035*1500*621*0912*1~DTM*472*20260701~CAS*CO*45*879~REF*6R*CX157523X67752.001~AMT*B6*621~SVC*HC:H0035*1500*621*0912*1~DTM*472*20260702~CAS*CO*45*879~REF*6R*CX157523X67753.001~AMT*B6*621~CLP*CX157524X4*1*4500*1863**13*E5TYVTB870000*13*2~NM1*QC*1*READ*JORDAN****MI*W220910403~NM1*82*2*THE RENFREW CENTER OF NEW JERSEY*****XX*1164514691~REF*G1*075167769~REF*1L*0868560-051-00011-PH~REF*CE*AETNA CHOICE  POS II NET 01450~DTM*232*20260630~DTM*233*20260702~DTM*050*20260707~PER*CX**TE*8886323862~AMT*AU*4500~SVC*HC:H0035*1500*621*0912*1~DTM*472*20260630~CAS*CO*45*879~REF*6R*CX157524X67751.003~AMT*B6*621~SVC*HC:H0035*1500*621*0912*1~DTM*472*20260701~CAS*CO*45*879~REF*6R*CX157524X67752.001~AMT*B6*621~SVC*HC:H0035*1500*621*0912*1~DTM*472*20260702~CAS*CO*45*879~REF*6R*CX157524X67753.001~AMT*B6*621~CLP*CX157525X5*1*6000*2484**13*E6FDVWHM80000*13*3~NM1*QC*1*DUPONT*LEEAHNA~NM1*IL*1*DUPONT*VERCY****MI*W287367001~NM1*74*1**LEEAHNA~NM1*82*2*THE RENFREW CENTER OF NEW JERSEY*****XX*1164514691~REF*G1*074779308~REF*1L*0181137-041-00006-AD~REF*CE*AETNA CHOICE  POS II NET 01450~DTM*232*20260629~DTM*233*20260702~DTM*050*20260707~PER*CX**TE*8886323862~AMT*AU*6000~SVC*HC:H0035*1500*621*0912*1~DTM*472*20260629~CAS*CO*45*879~REF*6R*CX157525X67750.005~AMT*B6*621~SVC*HC:H0035*1500*621*0912*1~DTM*472*20260630~CAS*CO*45*879~REF*6R*CX157525X67751.003~AMT*B6*621~SVC*HC:H0035*1500*621*0912*1~DTM*472*20260701~CAS*CO*45*879~REF*6R*CX157525X67752.001~AMT*B6*621~SVC*HC:H0035*1500*621*0912*1~DTM*472*20260702~CAS*CO*45*879~REF*6R*CX157525X67753.001~AMT*B6*621~SE*192*000000001~GE*1*943606310~IEA*1*943606310~