ISA*00*          *00*          *ZZ*CHC            *ZZ*00962249       *260624*0859*^*00501*357005554*0*P*:~GS*HP*CHC*00962249*20260624*08595600*357005554*X*005010X221A1~ST*835*000000001~BPR*I*867*C*CHK******9999999999*999999999*****20260624~TRN*1*4869569*1942649097*000087726~REF*EV*B00099999800~DTM*405*20260624~N1*PR*UNITED HEALTHCARE INSURANCE COMPANY~N3*P.O. BOX 30755~N4*SALT LAKE CITY*UT*84130~REF*2U*87726~REF*EO*1805600001~PER*BL*UNKNOWN*UR*WWW.UNITEDHEALTHCAREONLINE.COM/B2C/CONTACTUS.DO~N1*PE*RENFREW CENTER OF MASSACHUSETTS LLC*XX*1346674215~N3*PO BOX 713700~N4*PHILADELPHIA*PA*191713700~REF*TJ*463400788~LX*1~CLP*CX156839X3*1*2250*867**15*26XF44357600*13*3~NM1*QC*1*YINGER*RACHEL****MI*R225631468~NM1*74*1***V***C*181764245~REF*G1*NO AUTH REQUIRED~REF*1L*AW025276~REF*CE*RENFREW CENTER OF MASSACHUSETTS LLC~REF*EA*IDX136194X3~DTM*232*20260608~DTM*233*20260611~DTM*050*20260619~AMT*AU*867~SVC*HC:S9480*750*289*0905*1~DTM*472*20260608~CAS*CO*45*461~REF*6R*CX156839X67729.002~REF*HPI*1457919383~AMT*B6*289~SVC*HC:S9480*750*289*0905*1~DTM*472*20260610~CAS*CO*45*461~REF*6R*CX156839X67731.002~REF*HPI*1457919383~AMT*B6*289~SVC*HC:S9480*750*289*0905*1~DTM*472*20260611~CAS*CO*45*461~REF*6R*CX156839X67732.002~REF*HPI*1457919383~AMT*B6*289~SE*46*000000001~GE*1*357005554~IEA*1*357005554~