ISA*00*          *00*          *ZZ*CHC            *ZZ*00962249       *260618*0655*^*00501*955005157*0*P*:~GS*HP*CHC*00962249*20260618*06552600*955005157*X*005010X221A1~ST*835*000000001~BPR*H*0*C*NON******9999999999*999999999*****20260616~TRN*1*0024340174*1220999690*8352026061703071689~REF*EV*1164514691~DTM*405*20260616~N1*PR*HORIZON BCBSNJ~N3*P O  BOX 420~N4*NEWARK*NJ*071010420~REF*2U*22099~PER*BL*HORIZON BCBSNJ*EM*HORIZONEDI@HORIZONBLUE.COM*TE*8883349242~N1*PE*THE RENFREW CENTER OF NEW JERS*XX*1164514691~N3*PO BOX 713700~N4*PHILADELPHIA*PA*191713700~REF*PQ*001368~REF*TJ*223704728~LX*1~CLP*CX156055X5*1*6000*0*6000*12*780202615414061   00*13*3~NM1*QC*1*VASTI*SIENNA****MI*ZTO6488791DK~NM1*IL*1*VASTI*CHRISTOPHER****MI*ZTO6488791DK~NM1*82*2*ASHLEY  HOADLEY*****XX*1821357682~DTM*232*20260526~DTM*233*20260529~DTM*050*20260602~PER*CX*HORIZON BLUE CROSS BLUE SHIELD OF NEW JERSEY DIRECT ACCESS*TE*8886662535~AMT*AU*2548~SVC*HC:H0035*1500*0*0912*1~DTM*472*20260526~CAS*PR*204*1500~REF*6R*CX156055X67716.002~REF*APC*00000~LQ*HE*N130~SVC*HC:H0035*1500*0*0912*1~DTM*472*20260527~CAS*PR*204*1500~REF*6R*CX156055X67717.002~REF*APC*00000~LQ*HE*N130~SVC*HC:H0035*1500*0*0912*1~DTM*472*20260528~CAS*PR*204*1500~REF*6R*CX156055X67718.002~REF*APC*00000~LQ*HE*N130~SVC*HC:H0035*1500*0*0912*1~DTM*472*20260529~CAS*PR*204*1500~REF*6R*CX156055X67719.001~REF*APC*00000~LQ*HE*N130~SE*50*000000001~GE*1*955005157~IEA*1*955005157~