ISA*00*          *00*          *ZZ*CHC            *ZZ*00962249       *260629*0703*^*00501*767407510*0*P*:~GS*HP*CHC*00962249*20260629*07034600*767407510*X*005010X221A1~ST*835*000000001~BPR*I*4953*C*ACH*CCP*01*011900445*DA*0000009046*1066033492**01*121000248*DA*4122170038*20260702~TRN*1*826180000205346*1066033492~REF*EV*133052274~DTM*405*20260629~N1*PR*AETNA~N3*151 FARMINGTON AVENUE~N4*HARTFORD*CT*06156~REF*2U*60054~PER*BL*PROVIDER SERVICE~N1*PE*THE RENFREW CENTER OF MASSACHUSETTS, LLC*XX*1346674215~N3*PO BOX 713700~N4*PHILADELPHIA*PA*191713700~REF*PQ*046923740~REF*TJ*463400788~LX*1~TS3*1346674215*22*20261231*4*12000~CLP*CX157089X4*1*2250*1035**13*EATYXL92G0000*13*3~NM1*QC*1*MURPHY*CHARLOTTE~NM1*IL*1*MURPHY*JEANINE****MI*W047263833~REF*1L*0657263-010-00121-CA~REF*CE*AETNA CHOICE  POS II NET 00339~DTM*232*20260615~DTM*233*20260618~DTM*050*20260625~PER*CX**TE*8886323862~AMT*AU*2250~SVC*HC:S9480*750*345*0905*1~DTM*472*20260615~CAS*CO*45*405~REF*6R*CX157089X67736.003~AMT*B6*345~SVC*HC:S9480*750*345*0905*1~DTM*472*20260617~CAS*CO*45*405~REF*6R*CX157089X67738.003~AMT*B6*345~SVC*HC:S9480*750*345*0905*1~DTM*472*20260618~CAS*CO*45*405~REF*6R*CX157089X67739.002~AMT*B6*345~CLP*CX157087X2*1*1500*690**13*E8FDVQNVQ0000*13*2~NM1*QC*1*MOSSMAN*EMMA~NM1*IL*1*MOSSMAN*KURT****MI*W215171097~REF*1L*0660819-016-00001-EB~REF*CE*AETNA CHOICE  POS II NET 00339~DTM*232*20260617~DTM*233*20260618~DTM*050*20260625~PER*CX**TE*8886323862~AMT*AU*1500~SVC*HC:S9480*750*345*0905*1~DTM*472*20260617~CAS*CO*45*405~REF*6R*CX157087X67738.002~AMT*B6*345~SVC*HC:S9480*750*345*0905*1~DTM*472*20260618~CAS*CO*45*405~REF*6R*CX157087X67739.002~AMT*B6*345~CLP*CX157088X3*1*2250*828*207*13*E9RWT75GD0000*13*3~NM1*QC*1*STOLPER*MADELINE~NM1*IL*1*STOLPER*ROBERT****MI*W24079602104~NM1*74*1******C*W240796021~REF*1L*0868654-012-00001-HB~REF*CE*AETNA CHOICE  POS II NET 00339~DTM*232*20260615~DTM*233*20260618~DTM*050*20260625~PER*CX**TE*8886323862~AMT*AU*2250~SVC*HC:S9480*750*276*0905*1~DTM*472*20260615~CAS*CO*45*405~CAS*PR*2*69~REF*6R*CX157088X67736.002~AMT*B6*345~SVC*HC:S9480*750*276*0905*1~DTM*472*20260617~CAS*CO*45*405~CAS*PR*2*69~REF*6R*CX157088X67738.002~AMT*B6*345~SVC*HC:S9480*750*276*0905*1~DTM*472*20260618~CAS*CO*45*405~CAS*PR*2*69~REF*6R*CX157088X67739.002~AMT*B6*345~CLP*CX157084X2*1*6000*2400**13*E904VC0L50000*13*3~NM1*QC*1*KRIVOKRYSENKO*ZOYA~NM1*IL*1*SHYSHYNOVA*INNA****MI*W285581622~REF*G1*074652413~REF*1L*0622709-024-00001- D~REF*CE*AETNA CHOICE  POS II NET 00339~DTM*232*20260615~DTM*233*20260618~DTM*050*20260625~PER*CX**TE*8886323862~AMT*AU*6000~SVC*HC:H0035*1500*600*0912*1~DTM*472*20260615~CAS*CO*45*900~REF*6R*CX157084X67736.002~AMT*B6*600~SVC*HC:H0035*1500*600*0912*1~DTM*472*20260616~CAS*CO*45*900~REF*6R*CX157084X67737.004~AMT*B6*600~SVC*HC:H0035*1500*600*0912*1~DTM*472*20260617~CAS*CO*45*900~REF*6R*CX157084X67738.002~AMT*B6*600~SVC*HC:H0035*1500*600*0912*1~DTM*472*20260618~CAS*CO*45*900~REF*6R*CX157084X67739.003~AMT*B6*600~SE*123*000000001~GE*1*767407510~IEA*1*767407510~