ISA*00*          *00*          *ZZ*CHC            *ZZ*00962249       *260706*0845*^*00501*372207227*0*P*:~GS*HP*CHC*00962249*20260706*08452200*372207227*X*005010X221A1~ST*835*000000001~BPR*I*7586.64*C*ACH*CCP*01*042100272*DA*7480795058*1591031071**01*121000248*DA*4122170038*20260706~TRN*1*603901367934*1591031071~REF*EV*133052274~REF*F2*GWFC~DTM*405*20260702~N1*PR*GREATWESTHEALTHCARE-CIGNA~N3*8505 E. ORCHARD RD~N4*GREENWOOD VILLAGE*CO*80111~REF*2U*62308~PER*CX*GWHC EDIPROD*EM*EDIESCALATEDREQUESTS@CIGNA.COM*TE*8008103388~PER*BL*EDI HELP DESK*TE*8008103388~N1*PE*RENFREW CENTER OF FLORIDA LLC*XX*1912008137~N3*PO BOX 713700~N4*PHILADELPHIA*PA*191713700~REF*TJ*200995125~LX*1~TS3*1912008137*22*20261231*2*23250~CLP*CX157207X3*1*21000*6617.64*1761.36*13*262411137200*11*2~NM1*QC*1*MATICH*LISA****MI*10700797302~NM1*IL*1*MATICH*JONATHAN*D***MI*10700797300~REF*1L*00634295~REF*CE*OPEN ACCESS PLUS~REF*EA*IDX136400X3~REF*G1*IP2778533662~DTM*050*20260701~DTM*232*20260622~DTM*233*20260628~AMT*AU*8379~QTY*CA*7~SVC*NU:1001*3000*286.75**1~DTM*150*20260622~DTM*151*20260622~CAS*CO*45*1803~CAS*PR*2*71.69**1*838.56~REF*APC*0~REF*6R*CX157207X67743.002~AMT*B6*1197~SVC*NU:1001*3000*957.6**1~DTM*150*20260623~DTM*151*20260623~CAS*CO*45*1803~CAS*PR*2*239.4~REF*APC*0~REF*6R*CX157207X67744.003~AMT*B6*1197~SVC*NU:1001*3000*957.6**1~DTM*150*20260624~DTM*151*20260624~CAS*CO*45*1803~CAS*PR*2*239.4~REF*APC*0~REF*6R*CX157207X67745.001~AMT*B6*1197~SVC*NU:1001*3000*957.6**1~DTM*150*20260625~DTM*151*20260625~CAS*CO*45*1803~CAS*PR*2*239.4~REF*APC*0~REF*6R*CX157207X67746.002~AMT*B6*1197~SVC*NU:1001*3000*1064.09**1~DTM*150*20260626~DTM*151*20260626~CAS*CO*45*1803~CAS*PR*2*132.91~REF*APC*0~REF*6R*CX157207X67747.001~AMT*B6*1197~SVC*NU:1001*3000*1197**1~DTM*150*20260627~DTM*151*20260627~CAS*CO*45*1803~REF*APC*0~REF*6R*CX157207X67748.001~AMT*B6*1197~SVC*NU:1001*3000*1197**1~DTM*150*20260628~DTM*151*20260628~CAS*CO*45*1803~REF*APC*0~REF*6R*CX157207X67749.001~AMT*B6*1197~CLP*CX157222X1*1*2250*969**13*262411174900*13*3~NM1*QC*1*MANZ*ROBIN****MI*11245485300~REF*1L*00660378~REF*CE*OPEN ACCESS PLUS~REF*EA*IDX135734X4~REF*G1*NO AUTHORIZATION REQUIRED~DTM*050*20260701~DTM*232*20260622~DTM*233*20260626~AMT*AU*969~SVC*HC:S9480*750*323*0905*1~DTM*150*20260622~DTM*151*20260622~CAS*CO*45*427~REF*APC*0~REF*6R*CX157222X67743.004~AMT*B6*323~SVC*HC:S9480*750*323*0905*1~DTM*150*20260624~DTM*151*20260624~CAS*CO*45*427~REF*APC*0~REF*6R*CX157222X67745.002~AMT*B6*323~SVC*HC:S9480*750*323*0905*1~DTM*150*20260626~DTM*151*20260626~CAS*CO*45*427~REF*APC*0~REF*6R*CX157222X67747.002~AMT*B6*323~SE*116*000000001~GE*1*372207227~IEA*1*372207227~