ISA*00*          *00*          *ZZ*CHC            *ZZ*00962249       *260629*0414*^*00501*765633898*0*P*:~GS*HP*CHC*00962249*20260629*04140000*765633898*X*005010X221A1~ST*835*000000001~BPR*I*1830*C*ACH*CCP*01*043301627*DA*000001029128029*1463867722**01*121000248*DA*4122170038*20260701~TRN*1*0992271752*1463867722~REF*EV*542177~DTM*405*20260626~N1*PR*INDEPENDENCE BLUE CROSS~N3*1901 MARKET STREET~N4*PHILADELPHIA*PA*19103~REF*NF*54704~REF*2U*SX055~PER*CX**TE*8667318080~PER*BL*IBC 54704*TE*8009920246~N1*PE*THE RENFREW CENTERS, INC*XX*1417971904~N3*PO BOX 823700~N4*PHILADELPHIA*PA*191823700~REF*TJ*200994813~LX*1~CLP*CX133302X2*22*-2250*0**HM*22350234881*13*3~NM1*QC*1*SILBERMAN*LEAH****MI*QCH120580725001~NM1*IL*1*SILBERMAN*JOSHUA****MI*QCH120580725001~NM1*82*1******XX*1376771600~MOA***N25~REF*G1*2430901589~REF*1L*100493037~REF*EA*IDX132040X3~DTM*232*20241209~DTM*233*20241212~DTM*050*20241219~SVC*HC:S9480*-750*0*0905*0**1~DTM*472*20241209~CAS*CO*197*-750~REF*6R*CX133302X67183.003~REF*HPI*1417971904~SVC*HC:S9480*-750*0*0905*0**1~DTM*472*20241211~CAS*CO*197*-750~REF*6R*CX133302X67185.001~REF*HPI*1417971904~SVC*HC:S9480*-750*0*0905*0**1~DTM*472*20241212~CAS*CO*197*-750~REF*6R*CX133302X67186.003~REF*HPI*1417971904~CLP*CX133302X2*1*2250*1098**HM*22350234881*13*3~NM1*QC*1*SILBERMAN*LEAH****MI*QCH120580725001~NM1*IL*1*SILBERMAN*JOSHUA****MI*QCH120580725001~NM1*82*1******XX*1376771600~MOA***N25~REF*CE*I5~REF*G1*2430901589~REF*1L*100493037~REF*EA*IDX132040X3~DTM*232*20241209~DTM*233*20241212~DTM*050*20241219~AMT*AU*2250~SVC*HC:S9480*750*366*0905~DTM*472*20241209~CAS*CO*45*384~REF*6R*CX133302X67183.003~REF*HPI*1417971904~AMT*B6*366~SVC*HC:S9480*750*366*0905~DTM*472*20241211~CAS*CO*45*384~REF*6R*CX133302X67185.001~REF*HPI*1417971904~AMT*B6*366~SVC*HC:S9480*750*366*0905~DTM*472*20241212~CAS*CO*45*384~REF*6R*CX133302X67186.003~REF*HPI*1417971904~AMT*B6*366~CLP*CX133534X2*22*-1500*0**HM*22351076647*13*4~NM1*QC*1*SILBERMAN*LEAH****MI*QCH120580725001~NM1*IL*1*SILBERMAN*JOSHUA****MI*QCH120580725001~NM1*82*1******XX*1376771600~MOA***N25~REF*G1*2430901589~REF*1L*100493037~REF*EA*IDX132040X3~DTM*232*20241216~DTM*233*20241218~DTM*050*20250102~SVC*HC:S9480*-750*0*0905*0**1~DTM*472*20241216~CAS*CO*197*-750~REF*6R*CX133534X67190.001~REF*HPI*1417971904~SVC*HC:S9480*-750*0*0905*0**1~DTM*472*20241218~CAS*CO*197*-750~REF*6R*CX133534X67192.002~REF*HPI*1417971904~CLP*CX133534X2*1*1500*732**HM*22351076647*13*4~NM1*QC*1*SILBERMAN*LEAH****MI*QCH120580725001~NM1*IL*1*SILBERMAN*JOSHUA****MI*QCH120580725001~NM1*82*1******XX*1376771600~MOA***N25~REF*CE*I5~REF*G1*2430901589~REF*1L*100493037~REF*EA*IDX132040X3~DTM*232*20241216~DTM*233*20241218~DTM*050*20250102~AMT*AU*1500~SVC*HC:S9480*750*366*0905~DTM*472*20241216~CAS*CO*45*384~REF*6R*CX133534X67190.001~REF*HPI*1417971904~AMT*B6*366~SVC*HC:S9480*750*366*0905~DTM*472*20241218~CAS*CO*45*384~REF*6R*CX133534X67192.002~REF*HPI*1417971904~AMT*B6*366~SE*121*000000001~GE*1*765633898~IEA*1*765633898~