ISA*00*          *00*          *ZZ*CHC            *ZZ*00962249       *260630*0620*^*00501*877210258*0*P*:~GS*HP*CHC*00962249*20260630*06202000*877210258*X*005010X221A1~ST*835*000000001~BPR*I*19322.94*C*ACH*CCP*01*011900445*DA*0000009046*1066033492**01*121000248*DA*4122170038*20260703~TRN*1*826181000364212*1066033492~REF*EV*133052274~DTM*405*20260630~N1*PR*AETNA~N3*151 FARMINGTON AVENUE~N4*HARTFORD*CT*06156~REF*2U*60054~PER*BL*PROVIDER SERVICE~N1*PE*RENFREW CENTER OF NJ, LLC*XX*1164514691~N3*PO BOX 713700~N4*PHILADELPHIA*PA*191713700~REF*PQ*926670170~REF*TJ*223704728~LX*1~TS3*1164514691*22*20261231*1*2250~CLP*CX157004X1*1*2250*1017**13*EGTYXL7KL0000*13*3~NM1*QC*1*ORLANDINO*AMANDA****MI*W295834672~NM1*82*2*THE RENFREW CENTER OF NEW JERSEY*****XX*1164514691~REF*1L*0169659-040-00413-CZ~REF*CE*AETNA CHOICE  POS II NET 01449~DTM*232*20260615~DTM*233*20260618~DTM*050*20260625~PER*CX**TE*8886323862~AMT*AU*2250~SVC*HC:S9480*750*339*0905*1~DTM*472*20260615~CAS*CO*45*411~REF*6R*CX157004X67736.001~AMT*B6*339~SVC*HC:S9480*750*339*0905*1~DTM*472*20260617~CAS*CO*45*411~REF*6R*CX157004X67738.001~AMT*B6*339~SVC*HC:S9480*750*339*0905*1~DTM*472*20260618~CAS*CO*45*411~REF*6R*CX157004X67739.001~AMT*B6*339~LX*2~TS3*1164514691*22*20261231*7*44250~CLP*CX156993X3*1*7500*3105**13*EBY2XMGFM0000*13*3~NM1*QC*1*ESTEPP*OLIVIA~NM1*IL*1*ESTEPP*JESSICA****MI*W287264157~NM1*74*1*SIMON-ESTEPP~NM1*82*2*THE RENFREW CENTER OF NEW JERSEY*****XX*1164514691~REF*G1*074651242~REF*1L*0237611-040-00001-NA~REF*CE*AETNA CHOICE  POS II NET 01450~DTM*232*20260615~DTM*233*20260619~DTM*050*20260625~PER*CX**TE*8886323862~AMT*AU*7500~SVC*HC:H0035*1500*621*0912*1~DTM*472*20260615~CAS*CO*45*879~REF*6R*CX156993X67736.004~AMT*B6*621~SVC*HC:H0035*1500*621*0912*1~DTM*472*20260616~CAS*CO*45*879~REF*6R*CX156993X67737.003~AMT*B6*621~SVC*HC:H0035*1500*621*0912*1~DTM*472*20260617~CAS*CO*45*879~REF*6R*CX156993X67738.004~AMT*B6*621~SVC*HC:H0035*1500*621*0912*1~DTM*472*20260618~CAS*CO*45*879~REF*6R*CX156993X67739.004~AMT*B6*621~SVC*HC:H0035*1500*621*0912*1~DTM*472*20260619~CAS*CO*45*879~REF*6R*CX156993X67740.004~AMT*B6*621~CLP*CX156491X1*1*7500*3105**13*ECJNXBK0Q0000*13*2~NM1*QC*1*LEDERER*ABIGAIL~NM1*IL*1*LEDERER*NATHAN****MI*W184943090~NM1*82*2*THE RENFREW CENTER OF NEW JERSEY*****XX*1164514691~REF*G1*074907383~REF*1L*0237115-022-00039-AZ~REF*CE*AETNA CHOICE  POS II NET 12397~DTM*232*20260601~DTM*233*20260605~DTM*050*20260609~PER*CX**TE*8886323862~AMT*AU*7500~SVC*HC:H0035*1500*621*0912*1~DTM*472*20260601~CAS*CO*45*879~REF*6R*CX156491X67722.004~AMT*B6*621~SVC*HC:H0035*1500*621*0912*1~DTM*472*20260602~CAS*CO*45*879~REF*6R*CX156491X67723.001~AMT*B6*621~SVC*HC:H0035*1500*621*0912*1~DTM*472*20260603~CAS*CO*45*879~REF*6R*CX156491X67724.004~AMT*B6*621~SVC*HC:H0035*1500*621*0912*1~DTM*472*20260604~CAS*CO*45*879~REF*6R*CX156491X67725.004~AMT*B6*621~SVC*HC:H0035*1500*621*0912*1~DTM*472*20260605~CAS*CO*45*879~REF*6R*CX156491X67726.001~AMT*B6*621~CLP*CX156991X1*1*6000*2484**13*ECJNXL6H10000*13*2~NM1*QC*1*MCCOY*STACEY****MI*W121673728~NM1*82*2*THE RENFREW CENTER OF NEW JERSEY*****XX*1164514691~REF*G1*074760972~REF*1L*0237164-010-00001- A~REF*CE*AETNA CHOICE  POS II NET 01450~DTM*232*20260616~DTM*233*20260619~DTM*050*20260625~PER*CX**TE*8886323862~AMT*AU*6000~SVC*HC:H0035*1500*621*0912*1~DTM*472*20260616~CAS*CO*45*879~REF*6R*CX156991X67737.005~AMT*B6*621~SVC*HC:H0035*1500*621*0912*1~DTM*472*20260617~CAS*CO*45*879~REF*6R*CX156991X67738.004~AMT*B6*621~SVC*HC:H0035*1500*621*0912*1~DTM*472*20260618~CAS*CO*45*879~REF*6R*CX156991X67739.004~AMT*B6*621~SVC*HC:H0035*1500*621*0912*1~DTM*472*20260619~CAS*CO*45*879~REF*6R*CX156991X67740.004~AMT*B6*621~CLP*CX156992X2*1*6000*2484**13*EDPDXG4WY0000*13*3~NM1*QC*1*LEDERER*ABIGAIL~NM1*IL*1*LEDERER*NATHAN****MI*W184943090~NM1*82*2*THE RENFREW CENTER OF NEW JERSEY*****XX*1164514691~MOA***MA15~REF*G1*074907383~REF*1L*0237115-022-00039-AZ~REF*CE*AETNA CHOICE  POS II NET 12397~DTM*232*20260615~DTM*233*20260618~DTM*050*20260625~PER*CX**TE*8886323862~AMT*AU*6000~SVC*HC:H0035*1500*621*0912*1~DTM*472*20260615~CAS*CO*45*879~REF*6R*CX156992X67736.004~AMT*B6*621~SVC*HC:H0035*1500*621*0912*1~DTM*472*20260616~CAS*CO*45*879~REF*6R*CX156992X67737.003~AMT*B6*621~SVC*HC:H0035*1500*621*0912*1~DTM*472*20260617~CAS*CO*45*879~REF*6R*CX156992X67738.004~AMT*B6*621~SVC*HC:H0035*1500*621*0912*1~DTM*472*20260618~CAS*CO*45*879~REF*6R*CX156992X67739.005~AMT*B6*621~CLP*CX156994X4*1*7500*3105**13*EFADXMM950000*13*3~NM1*QC*1*DUPONT*LEEAHNA~NM1*IL*1*DUPONT*VERCY****MI*W287367001~NM1*74*1**LEEAHNA~NM1*82*2*THE RENFREW CENTER OF NEW JERSEY*****XX*1164514691~REF*G1*074779308~REF*1L*0181137-041-00006-AD~REF*CE*AETNA CHOICE  POS II NET 01450~DTM*232*20260615~DTM*233*20260619~DTM*050*20260625~PER*CX**TE*8886323862~AMT*AU*7500~SVC*HC:H0035*1500*621*0912*1~DTM*472*20260615~CAS*CO*45*879~REF*6R*CX156994X67736.004~AMT*B6*621~SVC*HC:H0035*1500*621*0912*1~DTM*472*20260616~CAS*CO*45*879~REF*6R*CX156994X67737.003~AMT*B6*621~SVC*HC:H0035*1500*621*0912*1~DTM*472*20260617~CAS*CO*45*879~REF*6R*CX156994X67738.004~AMT*B6*621~SVC*HC:H0035*1500*621*0912*1~DTM*472*20260618~CAS*CO*45*879~REF*6R*CX156994X67739.004~AMT*B6*621~SVC*HC:H0035*1500*621*0912*1~DTM*472*20260619~CAS*CO*45*879~REF*6R*CX156994X67740.004~AMT*B6*621~CLP*CX156995X1*1*2250*917.94*99.06*13*EG37XG4Q90000*13*3~NM1*QC*1*READ*JORDAN****MI*W220910403~NM1*82*2*THE RENFREW CENTER OF NEW JERSEY*****XX*1164514691~REF*1L*0868560-051-00011-PH~REF*CE*AETNA CHOICE  POS II NET 01450~DTM*232*20260615~DTM*233*20260618~DTM*050*20260625~PER*CX**TE*8886323862~AMT*AU*2250~SVC*HC:S9480*750*239.94*0905*1~DTM*472*20260615~CAS*CO*45*411~CAS*PR*1*59.24**2*39.82~REF*6R*CX156995X67736.001~AMT*B6*339~SVC*HC:S9480*750*339*0905*1~DTM*472*20260617~CAS*CO*45*411~REF*6R*CX156995X67738.001~AMT*B6*339~SVC*HC:S9480*750*339*0905*1~DTM*472*20260618~CAS*CO*45*411~REF*6R*CX156995X67739.002~AMT*B6*339~CLP*CX156731X1*1*7500*3105**13*EQTYXHK3P0000*13*3~NM1*QC*1*LEDERER*ABIGAIL~NM1*IL*1*LEDERER*NATHAN****MI*W184943090~NM1*82*2*THE RENFREW CENTER OF NEW JERSEY*****XX*1164514691~MOA***MA15~REF*G1*074907383~REF*1L*0237115-022-00039-AZ~REF*CE*AETNA CHOICE  POS II NET 12397~DTM*232*20260608~DTM*233*20260612~DTM*050*20260618~PER*CX**TE*8886323862~AMT*AU*7500~SVC*HC:H0035*1500*621*0912*1~DTM*472*20260608~CAS*CO*45*879~REF*6R*CX156731X67729.001~AMT*B6*621~SVC*HC:H0035*1500*621*0912*1~DTM*472*20260609~CAS*CO*45*879~REF*6R*CX156731X67730.003~AMT*B6*621~SVC*HC:H0035*1500*621*0912*1~DTM*472*20260610~CAS*CO*45*879~REF*6R*CX156731X67731.004~AMT*B6*621~SVC*HC:H0035*1500*621*0912*1~DTM*472*20260611~CAS*CO*45*879~REF*6R*CX156731X67732.001~AMT*B6*621~SVC*HC:H0035*1500*621*0912*1~DTM*472*20260612~CAS*CO*45*879~REF*6R*CX156731X67733.004~AMT*B6*621~SE*286*000000001~GE*1*877210258~IEA*1*877210258~