ISA*00*          *00*          *ZZ*CHC            *ZZ*00962249       *260626*0617*^*00501*488406512*0*P*:~GS*HP*CHC*00962249*20260626*06173900*488406512*X*005010X221A1~ST*835*000000001~BPR*I*4567.07*C*ACH*CCP*01*011900445*DA*0000009046*1066033492**01*121000248*DA*4122170038*20260701~TRN*1*826177000034579*1066033492~REF*EV*133052274~DTM*405*20260626~N1*PR*AETNA~N3*151 FARMINGTON AVENUE~N4*HARTFORD*CT*06156~REF*2U*60054~PER*BL*PROVIDER SERVICE~N1*PE*THE RENFREW CENTER OF TENNESSEE*XX*1083812762~N3*PO BOX 713700~N4*PHILADELPHIA*PA*191713700~REF*PQ*174749620~REF*TJ*205497459~LX*1~TS3*1083812762*22*20261231*5*12000~CLP*CX156825X1*1*2250*730.74*182.67*13*EFY2XH6SQ0000*13*3~NM1*QC*1*MORGAN*SIMONE~NM1*IL*1*SCHNEIDER*CLAUS****MI*W20556911902~NM1*74*1******C*W205569119~REF*1L*0811338-013-00102-WA~REF*CE*AETNA CHOICE  POS II NET 00395~DTM*232*20260608~DTM*233*20260611~DTM*050*20260618~PER*CX**TE*8886323862~AMT*AU*2250~SVC*HC:S9480*750*243.58*0905*1~DTM*472*20260608~CAS*CO*45*445.53~CAS*PR*2*60.89~REF*6R*CX156825X67729.003~AMT*B6*304.47~SVC*HC:S9480*750*243.58*0905*1~DTM*472*20260609~CAS*CO*45*445.53~CAS*PR*2*60.89~REF*6R*CX156825X67730.002~AMT*B6*304.47~SVC*HC:S9480*750*243.58*0905*1~DTM*472*20260611~CAS*CO*45*445.53~CAS*PR*2*60.89~REF*6R*CX156825X67732.001~AMT*B6*304.47~CLP*CX156856X2*1*2250*913.41**13*EGADXHST90000*13*3~NM1*QC*1*MCCONNELL*JAMIE****MI*W278602388~REF*1L*0174987-011-00001-AA~REF*CE*AETNA CHOICE  POS II NET 00395~DTM*232*20260608~DTM*233*20260611~DTM*050*20260618~PER*CX**TE*8886323862~AMT*AU*2250~SVC*HC:S9480:95*750*304.47*0905*1~DTM*472*20260608~CAS*CO*45*445.53~REF*6R*CX156856X67729.001~AMT*B6*304.47~SVC*HC:S9480:95*750*304.47*0905*1~DTM*472*20260610~CAS*CO*45*445.53~REF*6R*CX156856X67731.002~AMT*B6*304.47~SVC*HC:S9480:95*750*304.47*0905*1~DTM*472*20260611~CAS*CO*45*445.53~REF*6R*CX156856X67732.001~AMT*B6*304.47~CLP*CX157091X2*1*3750*1522.35**13*EGADXLVJF0000*13*2~NM1*QC*1*PHILLIPS*KAITLYN****MI*W289432268~REF*1L*0811338-012-00102-QA~REF*CE*AETNA CHOICE  POS II NET 00395~DTM*232*20260608~DTM*233*20260618~DTM*050*20260625~PER*CX**TE*8886323862~AMT*AU*3750~SVC*HC:S9480*750*304.47*0905*1~DTM*472*20260608~CAS*CO*45*445.53~REF*6R*CX157091X67729.003~AMT*B6*304.47~SVC*HC:S9480*750*304.47*0905*1~DTM*472*20260609~CAS*CO*45*445.53~REF*6R*CX157091X67730.002~AMT*B6*304.47~SVC*HC:S9480*750*304.47*0905*1~DTM*472*20260615~CAS*CO*45*445.53~REF*6R*CX157091X67736.002~AMT*B6*304.47~SVC*HC:S9480*750*304.47*0905*1~DTM*472*20260616~CAS*CO*45*445.53~REF*6R*CX157091X67737.003~AMT*B6*304.47~SVC*HC:S9480*750*304.47*0905*1~DTM*472*20260618~CAS*CO*45*445.53~REF*6R*CX157091X67739.001~AMT*B6*304.47~CLP*CX157090X1*1*1500*487.16*121.78*13*EHFDXL94R0000*13*3~NM1*QC*1*MORGAN*SIMONE~NM1*IL*1*SCHNEIDER*CLAUS****MI*W20556911902~NM1*74*1******C*W205569119~REF*1L*0811338-013-00102-WA~REF*CE*AETNA CHOICE  POS II NET 00395~DTM*232*20260615~DTM*233*20260618~DTM*050*20260625~PER*CX**TE*8886323862~AMT*AU*1500~SVC*HC:S9480*750*243.58*0905*1~DTM*472*20260615~CAS*CO*45*445.53~CAS*PR*2*60.89~REF*6R*CX157090X67736.002~AMT*B6*304.47~SVC*HC:S9480*750*243.58*0905*1~DTM*472*20260618~CAS*CO*45*445.53~CAS*PR*2*60.89~REF*6R*CX157090X67739.001~AMT*B6*304.47~CLP*CX157122X2*1*2250*913.41**13*EJY2XL7Z90000*13*3~NM1*QC*1*MCCONNELL*JAMIE****MI*W278602388~REF*1L*0174987-011-00001-AA~REF*CE*AETNA CHOICE  POS II NET 00395~DTM*232*20260615~DTM*233*20260618~DTM*050*20260625~PER*CX**TE*8886323862~AMT*AU*2250~SVC*HC:S9480:95*750*304.47*0905*1~DTM*472*20260615~CAS*CO*45*445.53~REF*6R*CX157122X67736.001~AMT*B6*304.47~SVC*HC:S9480:95*750*304.47*0905*1~DTM*472*20260617~CAS*CO*45*445.53~REF*6R*CX157122X67738.002~AMT*B6*304.47~SVC*HC:S9480:95*750*304.47*0905*1~DTM*472*20260618~CAS*CO*45*445.53~REF*6R*CX157122X67739.001~AMT*B6*304.47~SE*152*000000001~ST*835*000000002~BPR*I*1096.08*C*ACH*CCP*01*031100209*DA*0000009134*1066033492**01*121000248*DA*4122170038*20260701~TRN*1*826177000034581*1066033492~REF*EV*133052274~DTM*405*20260626~N1*PR*AETNA~N3*151 FARMINGTON AVENUE~N4*HARTFORD*CT*06156~REF*2U*60054~PER*BL*PROVIDER SERVICE~N1*PE*THE RENFREW CENTER OF TENNESSEE*XX*1083812762~N3*PO BOX 713700~N4*PHILADELPHIA*PA*191713700~REF*PQ*174749620~REF*TJ*205497459~LX*1~TS3*1083812762*22*20261231*2*3000~CLP*CX156855X1*1*1500*548.04*60.9*13*EG37XC21Z0000*13*3~NM1*QC*1*ARSENAULT-YOST*HANNAH~NM1*IL*1*ARSENAULT*GRANT****MI*W293553331~REF*1L*0285630-014-00002-AE~REF*CE*AETNA HEALTHFUND  AETNA CHOICE  POS II NET 00395~DTM*232*20260608~DTM*233*20260611~DTM*050*20260618~PER*CX**TE*2028335751~AMT*AU*1500~SVC*HC:S9480:95*750*274.02*0905*1~DTM*472*20260608~CAS*CO*45*445.53~CAS*PR*2*30.45~REF*6R*CX156855X67729.001~AMT*B6*304.47~SVC*HC:S9480:95*750*274.02*0905*1~DTM*472*20260611~CAS*CO*45*445.53~CAS*PR*2*30.45~REF*6R*CX156855X67732.002~AMT*B6*304.47~CLP*CX157121X1*1*1500*548.04*60.9*13*EJADXMZZB0000*13*3~NM1*QC*1*ARSENAULT-YOST*HANNAH~NM1*IL*1*ARSENAULT*GRANT****MI*W293553331~REF*1L*0285630-014-00002-AE~REF*CE*AETNA HEALTHFUND  AETNA CHOICE  POS II NET 00395~DTM*232*20260615~DTM*233*20260617~DTM*050*20260625~PER*CX**TE*2028335751~AMT*AU*1500~SVC*HC:S9480:95*750*274.02*0905*1~DTM*472*20260615~CAS*CO*45*445.53~CAS*PR*2*30.45~REF*6R*CX157121X67736.002~AMT*B6*304.47~SVC*HC:S9480:95*750*274.02*0905*1~DTM*472*20260617~CAS*CO*45*445.53~CAS*PR*2*30.45~REF*6R*CX157121X67738.002~AMT*B6*304.47~SE*62*000000002~GE*2*488406512~IEA*1*488406512~