ISA*00*          *00*          *ZZ*CHC            *ZZ*00962249       *260706*0845*^*00501*372206897*0*P*:~GS*HP*CHC*00962249*20260706*08452200*372206897*X*005010X221A1~ST*835*000000001~BPR*I*1053*C*ACH*CCP*01*042100272*DA*7480795058*1591031071**01*121000248*DA*4122170038*20260706~TRN*1*603801342758*1591031071~REF*EV*133052274~REF*F2*GWFC~DTM*405*20260702~N1*PR*GREATWESTHEALTHCARE-CIGNA~N3*8505 E. ORCHARD RD~N4*GREENWOOD VILLAGE*CO*80111~REF*2U*62308~PER*CX*GWHC EDIPROD*EM*EDIESCALATEDREQUESTS@CIGNA.COM*TE*8008103388~PER*BL*EDI HELP DESK*TE*8008103388~N1*PE*RENFREW CENTER OF PENNSYLVANIA*XX*1417971904~N3*PO BOX 828577~N4*PHILADELPHIA*PA*191820001~REF*PQ*200006054179~REF*TJ*200994813~LX*1~TS3*1417971904*13*20261231*1*2250~CLP*CX157187X4*1*2250*1053**13*262411175900*13*3~NM1*QC*1*THOMAS*CHRISTA****MI*11211822401~NM1*IL*1*THOMAS*MICHAEL*J***MI*11211822400~REF*1L*00660177~REF*CE*OPEN ACCESS PLUS~REF*EA*IDX136072X3~REF*G1*NO AUTH REQUIRED~DTM*050*20260701~DTM*232*20260622~DTM*233*20260626~AMT*AU*1053~SVC*HC:S9480*750*351*0905*1~DTM*150*20260622~DTM*151*20260622~CAS*CO*45*399~REF*APC*0~REF*6R*CX157187X67743.002~AMT*B6*351~SVC*HC:S9480*750*351*0905*1~DTM*150*20260624~DTM*151*20260624~CAS*CO*45*399~REF*APC*0~REF*6R*CX157187X67745.001~AMT*B6*351~SVC*HC:S9480*750*351*0905*1~DTM*150*20260626~DTM*151*20260626~CAS*CO*45*399~REF*APC*0~REF*6R*CX157187X67747.001~AMT*B6*351~SE*52*000000001~GE*1*372206897~IEA*1*372206897~