ISA*00*          *00*          *ZZ*CHC            *ZZ*00962249       *260704*0632*^*00501*174806609*0*P*:~GS*HP*CHC*00962249*20260704*06325200*174806609*X*005010X221A1~ST*835*000000001~BPR*I*5947*C*ACH*CCP*01*031100225*DA*4058564014/*1220999690*999999999*01*121000248*DA*4122170038*20260702~TRN*1*0077355304*1220999690*8352026070303230658~REF*EV*1164514691~DTM*405*20260702~N1*PR*HORIZON BCBSNJ~N3*P O  BOX 420~N4*NEWARK*NJ*071010420~REF*2U*22099~PER*BL*HORIZON BCBSNJ*EM*HORIZONEDI@HORIZONBLUE.COM*TE*8883349242~N1*PE*THE RENFREW CENTER OF NEW JERS*XX*1164514691~N3*PO BOX 713700~N4*PHILADELPHIA*PA*191713700~REF*PQ*001368~REF*TJ*223704728~LX*1~CLP*CX143279X4*22*-2250*0**13*780202520411540   01*13*3~NM1*QC*1*CLARK*BROOKLYN****MI*NJX3HZN49519620~NM1*IL*1*HERRING*KYNA****MI*NJX3HZN49519620~NM1*74*1******C*NJX3HZN495196200~NM1*82*2*ASHLEY  HOADLEY*****XX*1821357682~DTM*232*20250714~DTM*233*20250717~DTM*050*20260617~PER*CX*NJ DIRECT*TE*8886662535~SVC*HC:S9480*-750*0*0905*1~DTM*472*20250714~CAS*CO*197*-750~REF*6R*CX143279X67400.002~REF*APC*00000~SVC*HC:S9480*-750*0*0905*1~DTM*472*20250716~CAS*CO*197*-750~REF*6R*CX143279X67402.003~REF*APC*00000~SVC*HC:S9480*-750*0*0905*1~DTM*472*20250717~CAS*CO*197*-750~REF*6R*CX143279X67403.001~REF*APC*00000~CLP*CX143279X4*1*2250*927**13*780202520411540   02*13*3~NM1*QC*1*CLARK*BROOKLYN****MI*NJX3HZN49519620~NM1*IL*1*HERRING*KYNA****MI*NJX3HZN49519620~NM1*74*1******C*NJX3HZN495196200~NM1*82*2*ASHLEY  HOADLEY*****XX*1821357682~DTM*232*20250714~DTM*233*20250717~DTM*050*20260617~PER*CX*NJ DIRECT*TE*8886662535~AMT*AU*927~AMT*T2*927~SVC*HC:S9480*750*309*0905*1~DTM*472*20250714~CAS*CO*45*441~REF*6R*CX143279X67400.002~REF*APC*00000~AMT*B6*309~SVC*HC:S9480*750*309*0905*1~DTM*472*20250716~CAS*CO*45*441~REF*6R*CX143279X67402.003~REF*APC*00000~AMT*B6*309~SVC*HC:S9480*750*309*0905*1~DTM*472*20250717~CAS*CO*45*441~REF*6R*CX143279X67403.001~REF*APC*00000~AMT*B6*309~CLP*CX142994X4*22*-1500*0**13*780202520505918   01*13*3~NM1*QC*1*CLARK*BROOKLYN****MI*NJX3HZN49519620~NM1*IL*1*HERRING*KYNA****MI*NJX3HZN49519620~NM1*74*1******C*NJX3HZN495196200~NM1*82*2*ASHLEY  HOADLEY*****XX*1821357682~DTM*232*20250707~DTM*233*20250709~DTM*050*20260617~PER*CX*NJ DIRECT*TE*8886662535~SVC*HC:S9480*-750*0*0905*1~DTM*472*20250707~CAS*CO*197*-750~REF*6R*CX142994X67393.002~REF*APC*00000~SVC*HC:S9480*-750*0*0905*1~DTM*472*20250709~CAS*CO*197*-750~REF*6R*CX142994X67395.001~REF*APC*00000~CLP*CX142994X4*1*1500*618**13*780202520505918   02*13*3~NM1*QC*1*CLARK*BROOKLYN****MI*NJX3HZN49519620~NM1*IL*1*HERRING*KYNA****MI*NJX3HZN49519620~NM1*74*1******C*NJX3HZN495196200~NM1*82*2*ASHLEY  HOADLEY*****XX*1821357682~DTM*232*20250707~DTM*233*20250709~DTM*050*20260617~PER*CX*NJ DIRECT*TE*8886662535~AMT*AU*618~AMT*T2*618~SVC*HC:S9480*750*309*0905*1~DTM*472*20250707~CAS*CO*45*441~REF*6R*CX142994X67393.002~REF*APC*00000~AMT*B6*309~SVC*HC:S9480*750*309*0905*1~DTM*472*20250709~CAS*CO*45*441~REF*6R*CX142994X67395.001~REF*APC*00000~AMT*B6*309~CLP*CX142707X4*22*-750*0**13*780202520506888   01*13*3~NM1*QC*1*CLARK*BROOKLYN****MI*NJX3HZN49519620~NM1*IL*1*HERRING*KYNA****MI*NJX3HZN49519620~NM1*74*1******C*NJX3HZN495196200~NM1*82*2*ASHLEY  HOADLEY*****XX*1821357682~DTM*232*20250702~DTM*233*20250702~DTM*050*20260617~PER*CX*NJ DIRECT*TE*8886662535~SVC*HC:S9480*-750*0*0905*1~DTM*472*20250702~CAS*CO*197*-750~REF*6R*CX142707X67388.003~REF*APC*00000~CLP*CX142707X4*1*750*309**13*780202520506888   02*13*3~NM1*QC*1*CLARK*BROOKLYN****MI*NJX3HZN49519620~NM1*IL*1*HERRING*KYNA****MI*NJX3HZN49519620~NM1*74*1******C*NJX3HZN495196200~NM1*82*2*ASHLEY  HOADLEY*****XX*1821357682~DTM*232*20250702~DTM*233*20250702~DTM*050*20260617~PER*CX*NJ DIRECT*TE*8886662535~AMT*AU*309~AMT*T2*309~SVC*HC:S9480*750*309*0905*1~DTM*472*20250702~CAS*CO*45*441~REF*6R*CX142707X67388.003~REF*APC*00000~AMT*B6*309~CLP*CX143580X5*22*-2250*0**13*780202521209541   01*13*3~NM1*QC*1*CLARK*BROOKLYN****MI*NJX3HZN49519620~NM1*IL*1*HERRING*KYNA****MI*NJX3HZN49519620~NM1*74*1******C*NJX3HZN495196200~NM1*82*2*ASHLEY  HOADLEY*****XX*1821357682~DTM*232*20250721~DTM*233*20250724~DTM*050*20260617~PER*CX*NJ DIRECT*TE*8886662535~SVC*HC:S9480*-750*0*0905*1~DTM*472*20250721~CAS*CO*197*-750~REF*6R*CX143580X67407.003~REF*APC*00000~SVC*HC:S9480*-750*0*0905*1~DTM*472*20250723~CAS*CO*197*-750~REF*6R*CX143580X67409.003~REF*APC*00000~SVC*HC:S9480*-750*0*0905*1~DTM*472*20250724~CAS*CO*197*-750~REF*6R*CX143580X67410.002~REF*APC*00000~CLP*CX143580X5*1*2250*927**13*780202521209541   02*13*3~NM1*QC*1*CLARK*BROOKLYN****MI*NJX3HZN49519620~NM1*IL*1*HERRING*KYNA****MI*NJX3HZN49519620~NM1*74*1******C*NJX3HZN495196200~NM1*82*2*ASHLEY  HOADLEY*****XX*1821357682~DTM*232*20250721~DTM*233*20250724~DTM*050*20260617~PER*CX*NJ DIRECT*TE*8886662535~AMT*AU*927~AMT*T2*927~SVC*HC:S9480*750*309*0905*1~DTM*472*20250721~CAS*CO*45*441~REF*6R*CX143580X67407.003~REF*APC*00000~AMT*B6*309~SVC*HC:S9480*750*309*0905*1~DTM*472*20250723~CAS*CO*45*441~REF*6R*CX143580X67409.003~REF*APC*00000~AMT*B6*309~SVC*HC:S9480*750*309*0905*1~DTM*472*20250724~CAS*CO*45*441~REF*6R*CX143580X67410.002~REF*APC*00000~AMT*B6*309~CLP*CX143857X4*22*-1500*0**13*780202521725664   01*13*4~NM1*QC*1*CLARK*BROOKLYN****MI*NJX3HZN49519620~NM1*IL*1*HERRING*KYNA****MI*NJX3HZN49519620~NM1*74*1******C*NJX3HZN495196200~NM1*82*2*ASHLEY  HOADLEY*****XX*1821357682~DTM*232*20250730~DTM*233*20250731~DTM*050*20260617~PER*CX*NJ DIRECT*TE*8886662535~SVC*HC:S9480*-750*0*0905*1~DTM*472*20250730~CAS*CO*197*-750~REF*6R*CX143857X67416.002~REF*APC*00000~SVC*HC:S9480*-750*0*0905*1~DTM*472*20250731~CAS*CO*197*-750~REF*6R*CX143857X67417.001~REF*APC*00000~CLP*CX143857X4*1*1500*618**13*780202521725664   02*13*4~NM1*QC*1*CLARK*BROOKLYN****MI*NJX3HZN49519620~NM1*IL*1*HERRING*KYNA****MI*NJX3HZN49519620~NM1*74*1******C*NJX3HZN495196200~NM1*82*2*ASHLEY  HOADLEY*****XX*1821357682~DTM*232*20250730~DTM*233*20250731~DTM*050*20260617~PER*CX*NJ DIRECT*TE*8886662535~AMT*AU*618~AMT*T2*618~SVC*HC:S9480*750*309*0905*1~DTM*472*20250730~CAS*CO*45*441~REF*6R*CX143857X67416.002~REF*APC*00000~AMT*B6*309~SVC*HC:S9480*750*309*0905*1~DTM*472*20250731~CAS*CO*45*441~REF*6R*CX143857X67417.001~REF*APC*00000~AMT*B6*309~CLP*CX156478X4*1*6000*2548**13*780202616115448   00*13*3~NM1*QC*1*OREJUELA*EMILY****MI*NJX3HZN83777410~NM1*IL*1*OREJUELA*LINA****MI*NJX3HZN83777410~NM1*74*1******C*NJX3HZN837774100~NM1*82*2*ASHLEY  HOADLEY*****XX*1821357682~DTM*232*20260601~DTM*233*20260604~DTM*050*20260609~PER*CX*NATIONAL ACCOUNTS PPO*TE*8006244758~AMT*AU*2548~AMT*T2*2548~SVC*HC:H0035*1500*637*0912*1~DTM*472*20260601~CAS*CO*45*863~REF*6R*CX156478X67722.001~REF*APC*00000~AMT*B6*637~SVC*HC:H0035*1500*637*0912*1~DTM*472*20260602~CAS*CO*45*863~REF*6R*CX156478X67723.002~REF*APC*00000~AMT*B6*637~SVC*HC:H0035*1500*637*0912*1~DTM*472*20260603~CAS*CO*45*863~REF*6R*CX156478X67724.001~REF*APC*00000~AMT*B6*637~SVC*HC:H0035*1500*637*0912*1~DTM*472*20260604~CAS*CO*45*863~REF*6R*CX156478X67725.002~REF*APC*00000~AMT*B6*637~SE*273*000000001~GE*1*174806609~IEA*1*174806609~