ISA*00*          *00*          *ZZ*CHC            *ZZ*00962249       *260705*0813*^*00501*268403093*0*P*:~GS*HP*CHC*00962249*20260705*08134300*268403093*X*005010X221A1~ST*835*000000001~BPR*I*766*C*ACH*CCP*01*002003119*DA*0040008488*1591031071**01*121000248*DA*4122170038*20260707~TRN*1*260702090048521*1591031071~REF*EV*133052274~REF*F2*PM~DTM*405*20260703~N1*PR*CIGNA HEALTH AND LIFE INSURANCE COMPANY~N3*P.O. BOX 182223~N4*CHATTANOOGA*TN*374227223~REF*2U*62308~PER*BL*EDI HELP DESK*TE*8008103388~N1*PE*RENFREW CTR OF MD*XX*1093940405~N3*PO BOX 713700~N4*PHILADELPHIA*PA*191713700~REF*TJ*264628647~LX*1~TS3*1093940405*13*20261231*1*1500~CLP*CX157314X1*1*1500*766**13*4682618298171*13*3~NM1*QC*1*KESSLER*JULIA*P***MI*U4825364903~NM1*IL*1*KESSLER*WENDY****MI*U4825364901~REF*1L*3216080~REF*CE*OPEN ACCESS PLUS~REF*EA*IDX132205X7~REF*G1*NO AUTH REQUIRED~DTM*050*20260701~DTM*232*20260622~DTM*233*20260625~PER*CX*MEMBER SERVICES*TE*8002446224~AMT*AU*766~SVC*HC:S9480*750*383*0905*1~DTM*150*20260622~DTM*151*20260622~CAS*CO*45*367~REF*6R*CX157314X67743.002~AMT*B6*383~SVC*HC:S9480*750*383*0905*1~DTM*150*20260625~DTM*151*20260625~CAS*CO*45*367~REF*6R*CX157314X67746.001~AMT*B6*383~SE*42*000000001~ST*835*000000002~BPR*I*4552*C*ACH*CCP*01*004401195*DA*0000070420*1411648670**01*121000248*DA*4122170038*20260707~TRN*1*260702090048520*1411648670~REF*EV*133052274~REF*F2*PM~DTM*405*20260703~N1*PR*EVERNORTH BEHAVIORAL HEALTH, INC.~N3*P. O. BOX 182223~N4*CHATTANOOGA*TN*374227223~REF*2U*62308~PER*BL*EDI HELP DESK*TE*8008103388~N1*PE*RENFREW CTR OF MD*XX*1093940405~N3*PO BOX 713700~N4*PHILADELPHIA*PA*191713700~REF*TJ*264628647~LX*1~TS3*1093940405*13*20261231*3*9000~CLP*CX157317X1*1*750*383**13*9222618293590*13*2~NM1*QC*1*KULYNYCH-IRVIN*STORRIE*J***MI*U7023672903~NM1*IL*1*IRVIN*DOUGLAS****MI*U7023672901~REF*1L*3209240~REF*CE*OPEN ACCESS PLUS~REF*EA*IDX136101X6~REF*G1*NO AUTHORIZATION REQUIRED~DTM*050*20260701~DTM*232*20260625~DTM*233*20260625~PER*CX*MEMBER SERVICES*TE*8002446224~AMT*AU*383~SVC*HC:S9480:95*750*383*0905*1~CAS*CO*45*367~REF*6R*CX157317X67746.001~AMT*B6*383~CLP*CX157311X1*1*6000*3020**13*8432618297039*13*4~NM1*QC*1*MORROW*ZOE****MI*U3877860303~NM1*IL*1*MORROW*DEREK****MI*U3877860301~REF*1L*3339276~REF*CE*OPEN ACCESS PLUS IN-NETWORK~REF*EA*IDX133004X11~REF*G1*NO AUTH REQ~DTM*050*20260701~DTM*232*20260622~DTM*233*20260625~PER*CX*MEMBER SERVICES*TE*8002446224~AMT*AU*3020~SVC*HC:H0035*1500*755*0912*1~DTM*150*20260622~DTM*151*20260622~CAS*CO*45*745~REF*6R*CX157311X67743.002~AMT*B6*755~SVC*HC:H0035*1500*755*0912*1~DTM*150*20260623~DTM*151*20260623~CAS*CO*45*745~REF*6R*CX157311X67744.001~AMT*B6*755~SVC*HC:H0035*1500*755*0912*1~DTM*150*20260624~DTM*151*20260624~CAS*CO*45*745~REF*6R*CX157311X67745.001~AMT*B6*755~SVC*HC:H0035*1500*755*0912*1~DTM*150*20260625~DTM*151*20260625~CAS*CO*45*745~REF*6R*CX157311X67746.001~AMT*B6*755~CLP*CX157312X1*1*2250*1149**13*8682618202408*13*2~NM1*QC*1*GRUNDY*EMILY*M***MI*00009727301~REF*1L*3345160~REF*CE*OPEN ACCESS PLUS~REF*EA*IDX105811X7~REF*G1*NO AUTH REQUIRED~DTM*050*20260701~DTM*232*20260622~DTM*233*20260625~PER*CX*MEMBER SERVICES*TE*8002446224~AMT*AU*1149~SVC*HC:S9480*750*383*0905*1~DTM*150*20260622~DTM*151*20260622~CAS*CO*45*367~REF*6R*CX157312X67743.002~AMT*B6*383~SVC*HC:S9480*750*383*0905*1~DTM*150*20260624~DTM*151*20260624~CAS*CO*45*367~REF*6R*CX157312X67745.001~AMT*B6*383~SVC*HC:S9480*750*383*0905*1~DTM*150*20260625~DTM*151*20260625~CAS*CO*45*367~REF*6R*CX157312X67746.002~AMT*B6*383~SE*99*000000002~GE*2*268403093~IEA*1*268403093~