ISA*00*          *00*          *ZZ*CHC            *ZZ*00962249       *260703*0343*^*00501*987207853*0*P*:~GS*HP*CHC*00962249*20260703*03432600*987207853*X*005010X221A1~ST*835*000000001~BPR*I*2785*C*ACH*CCP*01*124384877*DA*1470858534*1411289245*000087726*01*121000248*DA*4122170038*20260707~TRN*1*W364385901*1411289245*000087726~REF*EV*B00099999800~REF*F2*1083~DTM*405*20260702~N1*PR*UNITED HEALTHCARE INSURANCE COMPANY~N3*9900 BREN ROAD~N4*MINNETONKA*MN*553439664~REF*2U*87726~PER*CX*ATLANTA SERVICE CENTER*TE*8778423210~PER*BL*UNKNOWN*UR*WWW.UNITEDHEALTHCAREONLINE.COM/B2C/CONTACTUS.DO~N1*PE*THE RENFREW CENTER OF NEW YORK LLC*XX*1568561298~N3*PO BOX 823700~N4*PHILADELPHIA*PA*19182~REF*TJ*522227870~LX*1~TS3*1568561298*13*20261231*1*7500~CLP*CX157249X1*1*7500*2785**13*FV62213337 0029387516*13*3~NM1*QC*1*YEE*NICOLE~NM1*IL*1*YEE*NICOLE****MI*000014068~NM1*74*1***L~REF*EA*IDX136297X3~REF*G1*87HJRC-01~REF*1L*186359~REF*CE*CHOYC+~REF*BB*87HJRC01~DTM*232*20260622~DTM*233*20260626~DTM*050*20260701~AMT*AU*7500~SVC*HC:H0035*1500*557*0912*1~DTM*150*20260622~DTM*151*20260626~CAS*CO*45*943~REF*6R*CX157249X67743.002~AMT*B6*557~SVC*HC:H0035*1500*557*0912*1~DTM*150*20260622~DTM*151*20260626~CAS*CO*45*943~REF*6R*CX157249X67744.001~AMT*B6*557~SVC*HC:H0035*1500*557*0912*1~DTM*150*20260622~DTM*151*20260626~CAS*CO*45*943~REF*6R*CX157249X67745.001~AMT*B6*557~SVC*HC:H0035*1500*557*0912*1~DTM*150*20260622~DTM*151*20260626~CAS*CO*45*943~REF*6R*CX157249X67746.001~AMT*B6*557~SVC*HC:H0035*1500*557*0912*1~DTM*150*20260622~DTM*151*20260626~CAS*CO*45*943~REF*6R*CX157249X67747.001~AMT*B6*557~SE*62*000000001~GE*1*987207853~IEA*1*987207853~