ISA*00*          *00*          *ZZ*CHC            *ZZ*00962249       *260702*0659*^*00501*911005111*0*P*:~GS*HP*CHC*00962249*20260702*06593300*911005111*X*005010X221A1~ST*835*000000001~BPR*I*4713.8*C*ACH*CCP*01*031100225*DA*2079950064280/*1220999690*999999999*01*121000248*DA*4122170038*20260630~TRN*1*0031651289*1220999690*8352026070105182721~REF*EV*1164514691~DTM*405*20260630~N1*PR*HORIZON BCBSNJ~N3*P O  BOX 420~N4*NEWARK*NJ*071010420~REF*2U*22099~PER*BL*HORIZON BCBSNJ*EM*HORIZONEDI@HORIZONBLUE.COM*TE*8883349242~N1*PE*THE RENFREW CENTER OF NEW JERS*XX*1164514691~N3*PO BOX 713700~N4*PHILADELPHIA*PA*191713700~REF*PQ*001368~REF*TJ*223704728~LX*1~CLP*CX156980X6*1*7500*3185**12*780202617619056   00*13*3~NM1*QC*1*ELAHRACHE*ELAPH****MI*HMZ429W08444~NM1*IL*1*ELAHRACHE*MOD****MI*HMZ429W08444~NM1*82*2*ASHLEY  HOADLEY*****XX*1821357682~DTM*232*20260615~DTM*233*20260619~DTM*050*20260625~PER*CX*HORIZON BLUE CROSS BLUE SHIELD OF NEW JERSEY DIRECT ACCESS*TE*8886662535~AMT*AU*3185~AMT*T2*3185~SVC*HC:H0035*1500*637*0912*1~DTM*472*20260615~CAS*CO*45*863~REF*6R*CX156980X67736.002~REF*APC*00000~AMT*B6*637~SVC*HC:H0035*1500*637*0912*1~DTM*472*20260616~CAS*CO*45*863~REF*6R*CX156980X67737.001~REF*APC*00000~AMT*B6*637~SVC*HC:H0035*1500*637*0912*1~DTM*472*20260617~CAS*CO*45*863~REF*6R*CX156980X67738.002~REF*APC*00000~AMT*B6*637~SVC*HC:H0035*1500*637*0912*1~DTM*472*20260618~CAS*CO*45*863~REF*6R*CX156980X67739.002~REF*APC*00000~AMT*B6*637~SVC*HC:H0035*1500*637*0912*1~DTM*472*20260619~CAS*CO*45*863~REF*6R*CX156980X67740.001~REF*APC*00000~AMT*B6*637~CLP*CX149906X6*1*750*0**15*780202617730986   00*13*7~NM1*QC*1*FITZGERALD*NICOLE****MI*F2E3HZN10949820~NM1*82*2*ASHLEY  HOADLEY*****XX*1821357682~MOA***N382~DTM*232*20260102~DTM*233*20260102~DTM*050*20260626~PER*CX*HORIZON BLUE CROSS BLUE SHIELD OF NEW JERSEY DIRECT ACCESS*TE*8886662535~SVC*HC:S9480*750*0*0905*1~DTM*472*20260102~CAS*CO*16*750~REF*6R*177340148351556001~LQ*HE*N382~CLP*CX156470X2*1*7500*0*7500*12*780202616115601   00*13*3~NM1*QC*1*KELLY*MIRIAM****MI*VKE1043825BL~NM1*IL*1*KELLY*KEVIN****MI*VKE1043825BL~NM1*82*2*ASHLEY  HOADLEY*****XX*1821357682~DTM*232*20260601~DTM*233*20260605~DTM*050*20260609~PER*CX*HORIZON BLUE CROSS BLUE SHIELD OF NEW JERSEY DIRECT ACCESS*TE*8886662535~AMT*AU*3185~SVC*HC:H0035*1500*0*0912*1~DTM*472*20260601~CAS*PR*95*1500~REF*6R*CX156470X67722.003~REF*APC*00000~LQ*HE*N584~SVC*HC:H0035*1500*0*0912*1~DTM*472*20260602~CAS*PR*95*1500~REF*6R*CX156470X67723.001~REF*APC*00000~LQ*HE*N584~SVC*HC:H0035*1500*0*0912*1~DTM*472*20260603~CAS*PR*95*1500~REF*6R*CX156470X67724.003~REF*APC*00000~LQ*HE*N584~SVC*HC:H0035*1500*0*0912*1~DTM*472*20260604~CAS*PR*95*1500~REF*6R*CX156470X67725.004~REF*APC*00000~LQ*HE*N584~SVC*HC:H0035*1500*0*0912*1~DTM*472*20260605~CAS*PR*95*1500~REF*6R*CX156470X67726.001~REF*APC*00000~LQ*HE*N584~CLP*CX156973X4*1*4500*1528.8*382.2*12*780202617619059   00*13*2~NM1*QC*1*ROSENTHAL*JENNA****MI*PFF305W04885~NM1*IL*1*ROSENTHAL*NADINE****MI*PFF305W04885~NM1*82*2*ASHLEY  HOADLEY*****XX*1821357682~DTM*232*20260616~DTM*233*20260619~DTM*050*20260625~PER*CX*HORIZON BLUE CROSS BLUE SHIELD OF NEW JERSEY DIRECT ACCESS*TE*8886662535~AMT*AU*1911~AMT*T2*1528.8~SVC*HC:H0035*1500*509.6*0912*1~DTM*472*20260616~CAS*PR*2*127.4~CAS*CO*45*863~REF*6R*CX156973X67737.004~REF*APC*00000~AMT*B6*637~SVC*HC:H0035*1500*509.6*0912*1~DTM*472*20260617~CAS*PR*2*127.4~CAS*CO*45*863~REF*6R*CX156973X67738.005~REF*APC*00000~AMT*B6*637~SVC*HC:H0035*1500*509.6*0912*1~DTM*472*20260619~CAS*PR*2*127.4~CAS*CO*45*863~REF*6R*CX156973X67740.005~REF*APC*00000~AMT*B6*637~SE*140*000000001~ST*835*000000002~BPR*I*6367*C*ACH*CCP*01*031100225*DA*4058564014/*1220999690*999999999*01*121000248*DA*4122170038*20260630~TRN*1*0077344264*1220999690*8352026070105182720~REF*EV*1164514691~DTM*405*20260630~N1*PR*HORIZON BCBSNJ~N3*P O  BOX 420~N4*NEWARK*NJ*071010420~REF*2U*22099~PER*BL*HORIZON BCBSNJ*EM*HORIZONEDI@HORIZONBLUE.COM*TE*8883349242~N1*PE*THE RENFREW CENTER OF NEW JERS*XX*1164514691~N3*PO BOX 713700~N4*PHILADELPHIA*PA*191713700~REF*PQ*001368~REF*TJ*223704728~LX*1~CLP*CX156974X1*1*2250*954**13*780202617619160   00*13*3~NM1*QC*1*GENDEK*AGNES****MI*NJX3HZN54755660~NM1*IL*1*GENDEK*JEFF****MI*NJX3HZN54755660~NM1*74*1**JEFFREY****C*NJX3HZN547556600~NM1*82*2*ASHLEY  HOADLEY*****XX*1821357682~DTM*232*20260615~DTM*233*20260618~DTM*050*20260625~PER*CX*NJ DIRECT*TE*8886662535~AMT*AU*954~AMT*T2*954~SVC*HC:S9480*750*318*0905*1~DTM*472*20260615~CAS*CO*45*432~REF*6R*CX156974X67736.003~REF*APC*00000~AMT*B6*318~SVC*HC:S9480*750*318*0905*1~DTM*472*20260617~CAS*CO*45*432~REF*6R*CX156974X67738.003~REF*APC*00000~AMT*B6*318~SVC*HC:S9480*750*318*0905*1~DTM*472*20260618~CAS*CO*45*432~REF*6R*CX156974X67739.004~REF*APC*00000~AMT*B6*318~CLP*CX155826X3*1*7500*3185**13*780202614922650   00*13*3~NM1*QC*1*OREJUELA*EMILY****MI*NJX3HZN83777410~NM1*IL*1*OREJUELA*LINA****MI*NJX3HZN83777410~NM1*74*1******C*NJX3HZN837774100~NM1*82*2*ASHLEY  HOADLEY*****XX*1821357682~DTM*232*20260518~DTM*233*20260522~DTM*050*20260529~PER*CX*NATIONAL ACCOUNTS PPO*TE*8006244758~AMT*AU*3185~AMT*T2*3185~SVC*HC:H0035*1500*637*0912*1~DTM*472*20260518~CAS*CO*45*863~REF*6R*CX155826X67708.003~REF*APC*00000~AMT*B6*637~SVC*HC:H0035*1500*637*0912*1~DTM*472*20260519~CAS*CO*45*863~REF*6R*CX155826X67709.002~REF*APC*00000~AMT*B6*637~SVC*HC:H0035*1500*637*0912*1~DTM*472*20260520~CAS*CO*45*863~REF*6R*CX155826X67710.002~REF*APC*00000~AMT*B6*637~SVC*HC:H0035*1500*637*0912*1~DTM*472*20260521~CAS*CO*45*863~REF*6R*CX155826X67711.002~REF*APC*00000~AMT*B6*637~SVC*HC:H0035*1500*637*0912*1~DTM*472*20260522~CAS*CO*45*863~REF*6R*CX155826X67712.004~REF*APC*00000~AMT*B6*637~CLP*CX156475X1*1*3000*1274**13*780202616115580   00*13*3~NM1*QC*1*PLOENES*KELLYANNE****MI*NJX3HZN27279000~NM1*IL*1*PLOENES*RICHARD****MI*NJX3HZN27279000~NM1*74*1******C*NJX3HZN272790000~NM1*82*2*ASHLEY  HOADLEY*****XX*1821357682~DTM*232*20260604~DTM*233*20260605~DTM*050*20260609~PER*CX*NATIONAL ACCOUNTS PPO*TE*8006244758~AMT*AU*1274~AMT*T2*1274~SVC*HC:H0035*1500*637*0912*1~DTM*472*20260604~CAS*CO*45*863~REF*6R*CX156475X67725.001~REF*APC*00000~AMT*B6*637~SVC*HC:H0035*1500*637*0912*1~DTM*472*20260605~CAS*CO*45*863~REF*6R*CX156475X67726.002~REF*APC*00000~AMT*B6*637~CLP*CX156982X1*1*2250*954**13*780202617619220   00*13*4~NM1*QC*1*SIMON*KATELYN****MI*NJX3HZN64715860~NM1*IL*1*SHELLY-SIMON*KATHLEEN****MI*NJX3HZN64715860~NM1*74*1*SHELLEY SIMON*****C*NJX3HZN647158600~NM1*82*2*ASHLEY  HOADLEY*****XX*1821357682~DTM*232*20260615~DTM*233*20260618~DTM*050*20260625~PER*CX*NATIONAL ACCOUNTS PPO*TE*8006244758~AMT*AU*954~AMT*T2*954~SVC*HC:S9480*750*318*0905*1~DTM*472*20260615~CAS*CO*45*432~REF*6R*CX156982X67736.001~REF*APC*00000~AMT*B6*318~SVC*HC:S9480*750*318*0905*1~DTM*472*20260617~CAS*CO*45*432~REF*6R*CX156982X67738.001~REF*APC*00000~AMT*B6*318~SVC*HC:S9480*750*318*0905*1~DTM*472*20260618~CAS*CO*45*432~REF*6R*CX156982X67739.001~REF*APC*00000~AMT*B6*318~SE*139*000000002~GE*2*911005111~IEA*1*911005111~