ISA*00*          *00*          *ZZ*CHC            *ZZ*00962249       *260702*0616*^*00501*911609055*0*P*:~GS*HP*CHC*00962249*20260702*06164200*911609055*X*005010X221A1~ST*835*000000001~BPR*I*621*C*ACH*CCP*01*011900445*DA*0000009046*1066033492**01*121000248*DA*4122170038*20260707~TRN*1*826183000290110*1066033492~REF*EV*133052274~DTM*405*20260702~N1*PR*AETNA~N3*151 FARMINGTON AVENUE~N4*HARTFORD*CT*06156~REF*2U*60054~PER*BL*PROVIDER SERVICE~N1*PE*RENFREW CENTER OF NJ, LLC*XX*1164514691~N3*PO BOX 713700~N4*PHILADELPHIA*PA*191713700~REF*PQ*926670170~REF*TJ*223704728~LX*1~TS3*1164514691*22*20261231*2*0~CLP*CX147034X1*22*-4500*-1242**13*ETJNPYWFH0001*13*4~NM1*QC*1*MAY*REBECCA~NM1*IL*1*MAY*LENORE****MI*W276965577~NM1*74*1**REBECCA~NM1*82*2*THE RENFREW CENTER OF NEW JERSEY*****XX*1164514691~REF*G1*072003768~REF*1L*0187668-010-00259- A~REF*CE*AETNA CHOICE  POS II NET 01449~DTM*232*20251013~DTM*233*20251016~DTM*050*20251023~PER*CX**TE*8886323862~SVC*HC:H0035*-1500*-621*0912*1~DTM*472*20251013~CAS*CO*45*-879~REF*6R*CX147034X67491.001~SVC*HC:H0035*-1500*-621*0912*1~DTM*472*20251015~CAS*CO*45*-879~REF*6R*CX147034X67493.003~SVC*HC:H0035*-1500*0*0912*0**1~DTM*472*20251016~CAS*CO*197*-1500*1~REF*6R*CX147034X67494.001~CLP*CX147034X1*1*4500*1863**13*ETJNPYWFH0002*13*4~NM1*QC*1*MAY*REBECCA~NM1*IL*1*MAY*LENORE****MI*W276965577~NM1*74*1**REBECCA~NM1*82*2*THE RENFREW CENTER OF NEW JERSEY*****XX*1164514691~REF*G1*072003768~REF*1L*0187668-010-00259- A~REF*CE*AETNA CHOICE  POS II NET 01449~REF*F8*ETJNPYWFH0001~DTM*232*20251013~DTM*233*20251016~DTM*050*20251023~PER*CX**TE*8886323862~AMT*AU*4500~SVC*HC:H0035*1500*621*0912*1~DTM*472*20251013~CAS*CO*45*879~REF*6R*CX147034X67491.001~AMT*B6*621~SVC*HC:H0035*1500*621*0912*1~DTM*472*20251015~CAS*CO*45*879~REF*6R*CX147034X67493.003~AMT*B6*621~SVC*HC:H0035*1500*621*0912*1~DTM*472*20251016~CAS*CO*45*879~REF*6R*CX147034X67494.001~AMT*B6*621~SE*71*000000001~GE*1*911609055~IEA*1*911609055~