ISA*00*          *00*          *ZZ*CHC            *ZZ*00962249       *260701*0617*^*00501*941408481*0*P*:~GS*HP*CHC*00962249*20260701*06170900*941408481*X*005010X221A1~ST*835*000000001~BPR*I*20526.27*C*ACH*CCP*01*011900445*DA*0000009046*1066033492**01*121000248*DA*4122170038*20260706~TRN*1*826182000253391*1066033492~REF*EV*133052274~DTM*405*20260701~N1*PR*AETNA~N3*151 FARMINGTON AVENUE~N4*HARTFORD*CT*06156~REF*2U*60054~PER*BL*PROVIDER SERVICE~N1*PE*THE RENFREW CENTER OF FLORIDA, LLC*XX*1912008137~N3*PO BOX 713700~N4*PHILADELPHIA*PA*191713700~REF*PQ*417044550~REF*TJ*200995125~LX*1~TS3*1912008137*22*20261231*7*45750~CLP*CX157218X3*1*7500*0**12*EHFDXQLRM0000*13*3~NM1*QC*1*LADD*ANGELINA~NM1*IL*1*LADD*LEA****MI*W223488799~NM1*82*2*THE RENFREW CENTER OF ORLANDO, LLC*****XX*1912008137~REF*1L*0326404-040-00100-AD~REF*CE*OPEN ACCESS AETNA SELECT  8480 NET 08091~DTM*232*20260622~DTM*233*20260626~DTM*050*20260630~PER*CX**TE*8886323862~SVC*HC:H0035*1500*0*0912*0**1~DTM*472*20260622~CAS*CO*197*1500*1~REF*6R*CX157218X67743.005~SVC*HC:H0035*1500*0*0912*0**1~DTM*472*20260623~CAS*CO*197*1500*1~REF*6R*CX157218X67744.003~SVC*HC:H0035*1500*0*0912*0**1~DTM*472*20260624~CAS*CO*197*1500*1~REF*6R*CX157218X67745.002~SVC*HC:H0035*1500*0*0912*0**1~DTM*472*20260625~CAS*CO*197*1500*1~REF*6R*CX157218X67746.001~SVC*HC:H0035*1500*0*0912*0**1~DTM*472*20260626~CAS*CO*197*1500*1~REF*6R*CX157218X67747.003~CLP*CX156960X1*1*2250*1020**13*EWFDVPYDJ0000*13*3~NM1*QC*1*BENNETT*MOLLY~NM1*IL*1*SHOOK*MELISSA****MI*W292364487~NM1*82*2*THE RENFREW CENTER OF ORLANDO, LLC*****XX*1912008137~REF*1L*0247107-011-00001-AA~REF*CE*AETNA CHOICE  POS II NET 00449~DTM*232*20260615~DTM*233*20260619~DTM*050*20260624~PER*CX**TE*8886323862~AMT*AU*2250~SVC*HC:S9480*750*340*0905*1~DTM*472*20260615~CAS*CO*45*410~REF*6R*CX156960X67736.002~AMT*B6*340~SVC*HC:S9480*750*340*0905*1~DTM*472*20260616~CAS*CO*45*410~REF*6R*CX156960X67737.003~AMT*B6*340~SVC*HC:S9480*750*340*0905*1~DTM*472*20260619~CAS*CO*45*410~REF*6R*CX156960X67740.002~AMT*B6*340~CLP*CX156959X4*1*6000*2141.02*350.98*13*EX37VK5HZ0000*13*3~NM1*QC*1*FERRARO*KIRBY~NM1*IL*1*FERRARO*LAURA****MI*W291575426~NM1*82*2*THE RENFREW CENTER OF ORLANDO, LLC*****XX*1912008137~REF*G1*074935228~REF*1L*0868849-010-00001- E~REF*CE*AETNA CHOICE  POS II NET 00449~DTM*232*20260615~DTM*233*20260618~DTM*050*20260624~PER*CX**TE*8886323862~AMT*AU*6000~SVC*HC:H0035*1500*498.4*0912*1~DTM*472*20260615~CAS*CO*45*877~CAS*PR*2*124.6~REF*6R*CX156959X67736.003~AMT*B6*623~SVC*HC:H0035*1500*498.4*0912*1~DTM*472*20260616~CAS*CO*45*877~CAS*PR*2*124.6~REF*6R*CX156959X67737.004~AMT*B6*623~SVC*HC:H0035*1500*521.22*0912*1~DTM*472*20260617~CAS*CO*45*877~CAS*PR*2*101.78~REF*6R*CX156959X67738.003~AMT*B6*623~SVC*HC:H0035*1500*623*0912*1~DTM*472*20260618~CAS*CO*45*877~REF*6R*CX156959X67739.003~AMT*B6*623~CLP*CX156958X3*1*7500*3115**12*EYFDVK39M0000*13*3~NM1*QC*1*LADD*ANGELINA~NM1*IL*1*LADD*LEA****MI*W223488799~NM1*82*2*THE RENFREW CENTER OF ORLANDO, LLC*****XX*1912008137~REF*1L*0326404-040-00100-AD~REF*CE*OPEN ACCESS AETNA SELECT  8480 NET 08091~DTM*232*20260615~DTM*233*20260619~DTM*050*20260624~PER*CX**TE*8886323862~AMT*AU*7500~SVC*HC:H0035*1500*623*0912*1~DTM*472*20260615~CAS*CO*45*877~REF*6R*CX156958X67736.003~AMT*B6*623~SVC*HC:H0035*1500*623*0912*1~DTM*472*20260616~CAS*CO*45*877~REF*6R*CX156958X67737.004~AMT*B6*623~SVC*HC:H0035*1500*623*0912*1~DTM*472*20260617~CAS*CO*45*877~REF*6R*CX156958X67738.002~AMT*B6*623~SVC*HC:H0035*1500*623*0912*1~DTM*472*20260618~CAS*CO*45*877~REF*6R*CX156958X67739.003~AMT*B6*623~SVC*HC:H0035*1500*623*0912*1~DTM*472*20260619~CAS*CO*45*877~REF*6R*CX156958X67740.003~AMT*B6*623~CLP*CX156957X2*1*7500*2647.75*467.25*13*EYY2VK3870000*13*3~NM1*QC*1*MORGAN*ERIN~NM1*IL*1*MORGAN*JEFFREY****MI*W23277229~NM1*74*1******C*W232772299~NM1*82*2*THE RENFREW CENTER OF ORLANDO, LLC*****XX*1912008137~REF*G1*074688752~REF*1L*0818717-037-00006-VB~REF*CE*AETNA CHOICE  POS II NET 00449~DTM*232*20260615~DTM*233*20260619~DTM*050*20260624~PER*CX**TE*8886323862~AMT*AU*7500~SVC*HC:H0035*1500*529.55*0912*1~DTM*472*20260615~CAS*CO*45*877~CAS*PR*2*93.45~REF*6R*CX156957X67736.004~AMT*B6*623~SVC*HC:H0035*1500*529.55*0912*1~DTM*472*20260616~CAS*CO*45*877~CAS*PR*2*93.45~REF*6R*CX156957X67737.004~AMT*B6*623~SVC*HC:H0035*1500*529.55*0912*1~DTM*472*20260617~CAS*CO*45*877~CAS*PR*2*93.45~REF*6R*CX156957X67738.002~AMT*B6*623~SVC*HC:H0035*1500*529.55*0912*1~DTM*472*20260618~CAS*CO*45*877~CAS*PR*2*93.45~REF*6R*CX156957X67739.003~AMT*B6*623~SVC*HC:H0035*1500*529.55*0912*1~DTM*472*20260619~CAS*CO*45*877~CAS*PR*2*93.45~REF*6R*CX156957X67740.004~AMT*B6*623~CLP*CX156956X1*1*7500*2803.5*311.5*12*EZTYVK37W0000*13*3~NM1*QC*1*KRUEGER*EMMA~NM1*IL*1*KRUEGER*LOLANDA****MI*W197787373~NM1*82*2*THE RENFREW CENTER OF ORLANDO, LLC*****XX*1912008137~REF*1L*0237541-012-00056-DC~REF*CE*OPEN ACCESS AETNA SELECT  8480 NET 13713~DTM*232*20260615~DTM*233*20260619~DTM*050*20260624~PER*CX**TE*8886323862~AMT*AU*7500~SVC*HC:H0035*1500*560.7*0912*1~DTM*472*20260615~CAS*CO*45*877~CAS*PR*2*62.3~REF*6R*CX156956X67736.002~AMT*B6*623~SVC*HC:H0035*1500*560.7*0912*1~DTM*472*20260616~CAS*CO*45*877~CAS*PR*2*62.3~REF*6R*CX156956X67737.004~AMT*B6*623~SVC*HC:H0035*1500*560.7*0912*1~DTM*472*20260617~CAS*CO*45*877~CAS*PR*2*62.3~REF*6R*CX156956X67738.003~AMT*B6*623~SVC*HC:H0035*1500*560.7*0912*1~DTM*472*20260618~CAS*CO*45*877~CAS*PR*2*62.3~REF*6R*CX156956X67739.003~AMT*B6*623~SVC*HC:H0035*1500*560.7*0912*1~DTM*472*20260619~CAS*CO*45*877~CAS*PR*2*62.3~REF*6R*CX156956X67740.004~AMT*B6*623~CLP*CX157216X1*1*7500*0**12*E5JNVPV6F0000*13*3~NM1*QC*1*KRUEGER*EMMA~NM1*IL*1*KRUEGER*LOLANDA****MI*W197787373~NM1*82*2*THE RENFREW CENTER OF ORLANDO, LLC*****XX*1912008137~REF*1L*0237541-012-00056-DC~REF*CE*OPEN ACCESS AETNA SELECT  8480 NET 13713~DTM*232*20260622~DTM*233*20260626~DTM*050*20260630~PER*CX**TE*8886323862~SVC*HC:H0035*1500*0*0912*0**1~DTM*472*20260622~CAS*CO*197*1500*1~REF*6R*CX157216X67743.005~SVC*HC:H0035*1500*0*0912*0**1~DTM*472*20260623~CAS*CO*197*1500*1~REF*6R*CX157216X67744.003~SVC*HC:H0035*1500*0*0912*0**1~DTM*472*20260624~CAS*CO*197*1500*1~REF*6R*CX157216X67745.002~SVC*HC:H0035*1500*0*0912*0**1~DTM*472*20260625~CAS*CO*197*1500*1~REF*6R*CX157216X67746.001~SVC*HC:H0035*1500*0*0912*0**1~DTM*472*20260626~CAS*CO*197*1500*1~REF*6R*CX157216X67747.004~LX*2~TS3*1912008137*55*20261231*2*33000~CLP*CX156942X1*1*12000*0**13*E9RWT7M3N0000*11*4~NM1*QC*1*SMITH*ITALIA~NM1*IL*1*WOOLEN*BEATRICE****MI*W280587452~REF*G1*074550292~REF*1L*0865341-016-00611- A~REF*CE*AETNA CHOICE  POS II NET 00397~DTM*232*20260615~DTM*233*20260618~DTM*050*20260624~PER*CX**TE*8886323862~SVC*NU:0124*3000*0**0*NU:1001*1~DTM*472*20260615~CAS*CO*97*3000*1~REF*6R*CX156942X67736.003~LQ*HE*N19~SVC*NU:0124*3000*0**0*NU:1001*1~DTM*472*20260616~CAS*CO*97*3000*1~REF*6R*CX156942X67737.001~LQ*HE*N19~SVC*NU:0124*3000*0**0*NU:1001*1~DTM*472*20260617~CAS*CO*97*3000*1~REF*6R*CX156942X67738.001~LQ*HE*N19~SVC*NU:0124*3000*0**0*NU:1001*1~DTM*472*20260618~CAS*CO*97*3000*1~REF*6R*CX156942X67739.002~LQ*HE*N19~CLP*CX156943X2*1*21000*8799**12*E904VCG770000*11*3~NM1*QC*1*BELISLE*AUDREY~NM1*IL*1*BELISLE*JOSEPH****MI*W266369357~REF*G1*074911016~REF*1L*0247061-011-00103- B~REF*CE*OPEN ACCESS AETNA SELECT  8480 NET 02285~DTM*232*20260615~DTM*233*20260621~DTM*050*20260624~PER*CX**TE*8886323862~AMT*AU*21000~SVC*NU:0124*3000*1257**1*NU:1001~DTM*472*20260615~CAS*CO*45*1743~REF*6R*CX156943X67736.003~AMT*B6*1257~SVC*NU:0124*3000*1257**1*NU:1001~DTM*472*20260616~CAS*CO*45*1743~REF*6R*CX156943X67737.002~AMT*B6*1257~SVC*NU:0124*3000*1257**1*NU:1001~DTM*472*20260617~CAS*CO*45*1743~REF*6R*CX156943X67738.001~AMT*B6*1257~SVC*NU:0124*3000*1257**1*NU:1001~DTM*472*20260618~CAS*CO*45*1743~REF*6R*CX156943X67739.003~AMT*B6*1257~SVC*NU:0124*3000*1257**1*NU:1001~DTM*472*20260619~CAS*CO*45*1743~REF*6R*CX156943X67740.001~AMT*B6*1257~SVC*NU:0124*3000*1257**1*NU:1001~DTM*472*20260620~CAS*CO*45*1743~REF*6R*CX156943X67741.002~AMT*B6*1257~SVC*NU:0124*3000*1257**1*NU:1001~DTM*472*20260621~CAS*CO*45*1743~REF*6R*CX156943X67742.003~AMT*B6*1257~SE*337*000000001~GE*1*941408481~IEA*1*941408481~