ISA*00*          *00*          *ZZ*CHC            *ZZ*00962249       *260630*1241*^*00501*880206023*0*P*:~GS*HP*CHC*00962249*20260630*12411800*880206023*X*005010X221A1~ST*835*000000001~BPR*I*4234*C*ACH*CCP*01*124384877*DA*1470858534*1411289245*000087726*01*121000248*DA*4122170038*20260702~TRN*1*26181B1000046615*1411289245*000087726~REF*EV*B00099999800~DTM*405*20260630~N1*PR*UNITED HEALTHCARE INSURANCE COMPANY~N3*PO BOX 30755~N4*SALT LAKE CITY*UT*841300755~REF*2U*87726~PER*CX*UNITED BEHAVIORAL HEALTH*TE*8003338724~PER*BL*UNKNOWN*UR*WWW.UNITEDHEALTHCAREONLINE.COM/B2C/CONTACTUS.DO~N1*PE*THE RENFREW CENTER OF PENNSYLVANIA LLC*XX*1417971904~N3*PO BOX 823700~N4*PHILADELPHIA*PA*19182~REF*TJ*200994813~LX*1~CLP*CX156638X3*1*12000*4234*250*15*26XF35930600*11*2~NM1*QC*1*DUTCHER*SHEA****MI*R226418623~NM1*74*1******C*028806988~REF*G1*DBJCLG-01~REF*1L*AW025423~REF*CE*RENFREW CENTERS~REF*EA*IDX136318X3~DTM*232*20260611~DTM*233*20260614~DTM*050*20260617~AMT*AU*4484~SVC*NU:1001*3000*871**1~DTM*472*20260611~CAS*PR*3*250~CAS*CO*45*1879~REF*6R*CX156638X67732.003~AMT*B6*1121~SVC*NU:1001*3000*1121**1~DTM*472*20260612~CAS*CO*45*1879~REF*6R*CX156638X67733.004~AMT*B6*1121~SVC*NU:1001*3000*1121**1~DTM*472*20260613~CAS*CO*45*1879~REF*6R*CX156638X67734.003~AMT*B6*1121~SVC*NU:1001*3000*1121**1~DTM*472*20260614~CAS*CO*45*1879~REF*6R*CX156638X67735.004~AMT*B6*1121~SE*49*000000001~GE*1*880206023~IEA*1*880206023~