ISA*00*          *00*          *ZZ*CHC            *ZZ*00962249       *260702*0616*^*00501*911609129*0*P*:~GS*HP*CHC*00962249*20260702*06164200*911609129*X*005010X221A1~ST*835*000000001~BPR*I*1959*C*ACH*CCP*01*031100209*DA*0000009108*1066033492**01*121000248*DA*4122170038*20260707~TRN*1*826183000182384*1066033492~REF*EV*133052274~DTM*405*20260702~N1*PR*AETNA~N3*151 FARMINGTON AVENUE~N4*HARTFORD*CT*06156~REF*2U*60054~PER*BL*PROVIDER SERVICE~N1*PE*THE RENFREW CENTER OF PHILADELPHIA LLC*XX*1417971904~N3*PO BOX 713700~N4*PHILADELPHIA*PA*191713700~REF*PQ*182224660~REF*TJ*200994813~LX*1~TS3*1417971904*22*20261231*1*4500~CLP*CX156916X3*1*4500*1959**12*E2617503410000*13*4~NM1*QC*1*NAKAMURA*SAYAKO****MI*W295697482~NM1*82*2*THE RENFREW CENTER OF PENNSYLVANIA,*****XX*1417971904~REF*1L*0252651-036-00103-UA~REF*CE*PPO-MEDICAL NET 00140~DTM*232*20260615~DTM*233*20260619~DTM*050*20260624~PER*CX**TE*8886323862~AMT*AU*4500~SVC*HC:H0035*1500*653**1~DTM*472*20260615~CAS*CO*45*847~REF*6R*CX156916X67736.004~AMT*B6*653~SVC*HC:H0035*1500*653**1~DTM*472*20260617~CAS*CO*45*847~REF*6R*CX156916X67738.003~AMT*B6*653~SVC*HC:H0035*1500*653**1~DTM*472*20260619~CAS*CO*45*847~REF*6R*CX156916X67740.001~AMT*B6*653~SE*43*000000001~GE*1*911609129~IEA*1*911609129~