ISA*00*          *00*          *ZZ*CHC            *ZZ*00962249       *260705*1630*^*00501*297202166*0*P*:~GS*HP*CHC*00962249*20260705*16303100*297202166*X*005010X221A1~ST*835*000000001~BPR*I*8278*C*ACH*CCP*01*031100225*DA*4058564014/*1220999690*999999999*01*121000248*DA*4122170038*20260703~TRN*1*0077360969*1220999690*8352026070402058142~REF*EV*1164514691~DTM*405*20260703~N1*PR*HORIZON BCBSNJ~N3*P O  BOX 420~N4*NEWARK*NJ*071010420~REF*2U*22099~PER*BL*HORIZON BCBSNJ*EM*HORIZONEDI@HORIZONBLUE.COM*TE*8883349242~N1*PE*THE RENFREW CENTER OF NEW JERS*XX*1164514691~N3*PO BOX 713700~N4*PHILADELPHIA*PA*191713700~REF*PQ*001368~REF*TJ*223704728~LX*1~CLP*CX157235X1*1*2250*954**13*780202618212761   00*13*3~NM1*QC*1*GENDEK*AGNES****MI*NJX3HZN54755660~NM1*IL*1*GENDEK*JEFF****MI*NJX3HZN54755660~NM1*74*1**JEFFREY****C*NJX3HZN547556600~NM1*82*2*ASHLEY  HOADLEY*****XX*1821357682~DTM*232*20260622~DTM*233*20260625~DTM*050*20260630~PER*CX*NJ DIRECT*TE*8886662535~AMT*AU*954~AMT*T2*954~SVC*HC:S9480*750*318*0905*1~DTM*472*20260622~CAS*CO*45*432~REF*6R*CX157235X67743.003~REF*APC*00000~AMT*B6*318~SVC*HC:S9480*750*318*0905*1~DTM*472*20260624~CAS*CO*45*432~REF*6R*CX157235X67745.002~REF*APC*00000~AMT*B6*318~SVC*HC:S9480*750*318*0905*1~DTM*472*20260625~CAS*CO*45*432~REF*6R*CX157235X67746.003~REF*APC*00000~AMT*B6*318~CLP*CX157229X1*1*4500*1911**13*780202618212968   00*13*4~NM1*QC*1*RAVEN*ANASTASIA****MI*NJX3HZN17420950~NM1*IL*1*MCCOY*LISA****MI*NJX3HZN17420950~NM1*74*1******C*NJX3HZN174209500~NM1*82*2*ASHLEY  HOADLEY*****XX*1821357682~DTM*232*20260624~DTM*233*20260626~DTM*050*20260630~PER*CX*NJ DIRECT*TE*8886662535~AMT*AU*1911~AMT*T2*1911~SVC*HC:H0035*1500*637*0912*1~DTM*472*20260624~CAS*CO*45*863~REF*6R*CX157229X67745.003~REF*APC*00000~AMT*B6*637~SVC*HC:H0035*1500*637*0912*1~DTM*472*20260625~CAS*CO*45*863~REF*6R*CX157229X67746.004~REF*APC*00000~AMT*B6*637~SVC*HC:H0035*1500*637*0912*1~DTM*472*20260626~CAS*CO*45*863~REF*6R*CX157229X67747.003~REF*APC*00000~AMT*B6*637~CLP*CX157241X1*1*2250*954**13*780202618212808   00*13*2~NM1*QC*1*DEMCZUK*OLIVIA****MI*NJX3HZN97411020~NM1*IL*1*DEMCZUK*MELISSA****MI*NJX3HZN97411020~NM1*74*1******C*NJX3HZN974110200~NM1*82*2*ASHLEY  HOADLEY*****XX*1821357682~DTM*232*20260623~DTM*233*20260626~DTM*050*20260630~PER*CX*NATIONAL ACCOUNTS PPO*TE*8006244758~AMT*AU*954~AMT*T2*954~SVC*HC:S9480*750*318*0905*1~DTM*472*20260623~CAS*CO*45*432~REF*6R*CX157241X67744.001~REF*APC*00000~AMT*B6*318~SVC*HC:S9480*750*318*0905*1~DTM*472*20260624~CAS*CO*45*432~REF*6R*CX157241X67745.001~REF*APC*00000~AMT*B6*318~SVC*HC:S9480*750*318*0905*1~DTM*472*20260626~CAS*CO*45*432~REF*6R*CX157241X67747.002~REF*APC*00000~AMT*B6*318~CLP*CX157237X2*1*6000*2548**13*780202618212952   00*13*3~NM1*QC*1*PLOENES*KELLYANNE****MI*NJX3HZN27279000~NM1*IL*1*PLOENES*RICHARD****MI*NJX3HZN27279000~NM1*74*1******C*NJX3HZN272790000~NM1*82*2*ASHLEY  HOADLEY*****XX*1821357682~DTM*232*20260622~DTM*233*20260626~DTM*050*20260630~PER*CX*NATIONAL ACCOUNTS PPO*TE*8006244758~AMT*AU*2548~AMT*T2*2548~SVC*HC:H0035*1500*637*0912*1~DTM*472*20260622~CAS*CO*45*863~REF*6R*CX157237X67743.002~REF*APC*00000~AMT*B6*637~SVC*HC:H0035*1500*637*0912*1~DTM*472*20260623~CAS*CO*45*863~REF*6R*CX157237X67744.002~REF*APC*00000~AMT*B6*637~SVC*HC:H0035*1500*637*0912*1~DTM*472*20260625~CAS*CO*45*863~REF*6R*CX157237X67746.002~REF*APC*00000~AMT*B6*637~SVC*HC:H0035*1500*637*0912*1~DTM*472*20260626~CAS*CO*45*863~REF*6R*CX157237X67747.003~REF*APC*00000~AMT*B6*637~CLP*CX157236X1*1*4500*1911**13*780202618213067   00*13*2~NM1*QC*1*SIMON*KATELYN****MI*NJX3HZN64715860~NM1*IL*1*SHELLY-SIMON*KATHLEEN****MI*NJX3HZN64715860~NM1*74*1*SHELLEY SIMON*****C*NJX3HZN647158600~NM1*82*2*ASHLEY  HOADLEY*****XX*1821357682~DTM*232*20260624~DTM*233*20260626~DTM*050*20260630~PER*CX*NATIONAL ACCOUNTS PPO*TE*8006244758~AMT*AU*1911~AMT*T2*1911~SVC*HC:H0035*1500*637*0912*1~DTM*472*20260624~CAS*CO*45*863~REF*6R*CX157236X67745.002~REF*APC*00000~AMT*B6*637~SVC*HC:H0035*1500*637*0912*1~DTM*472*20260625~CAS*CO*45*863~REF*6R*CX157236X67746.001~REF*APC*00000~AMT*B6*637~SVC*HC:H0035*1500*637*0912*1~DTM*472*20260626~CAS*CO*45*863~REF*6R*CX157236X67747.002~REF*APC*00000~AMT*B6*637~SE*168*000000001~GE*1*297202166~IEA*1*297202166~