ISA*00*          *00*          *ZZ*CHC            *ZZ*00962249       *260705*0813*^*00501*268404464*0*P*:~GS*HP*CHC*00962249*20260705*08134300*268404464*X*005010X221A1~ST*835*000000001~BPR*I*872.1*C*ACH*CCP*01*093702139*DA*0601849573*1591031071**01*121000248*DA*4122170038*20260707~TRN*1*260702090048518*1591031071~REF*EV*133052274~REF*F2*PM~DTM*405*20260703~N1*PR*CIGNA HEALTH AND LIFE INSURANCE COMPANY~N3*P.O. BOX 182223~N4*CHATTANOOGA*TN*374227223~REF*2U*62308~PER*BL*EDI HELP DESK*TE*8008103388~N1*PE*RENFREW CTR OF FL LLC*XX*1912008137~N3*PO BOX 713700~N4*PHILADELPHIA*PA*191713700~REF*TJ*200995125~LX*1~TS3*1912008137*13*20261231*1*2250~CLP*CX157223X2*1*2250*872.1*96.9*13*7432618293908*13*3~NM1*QC*1*SNOW*MADISON****MI*U0173536704~NM1*IL*1*SNOW*MEGAN****MI*U0173536701~REF*1L*2500070~REF*CE*LOCALPLUS IN~REF*EA*IDX135978X3~DTM*050*20260701~DTM*232*20260622~DTM*233*20260625~PER*CX*MEMBER SERVICES*TE*8002446224~AMT*AU*969~SVC*HC:S9480*750*290.7*0905*1~DTM*150*20260622~DTM*151*20260622~CAS*CO*45*427~CAS*PR*2*32.3~REF*6R*CX157223X67743.001~AMT*B6*323~SVC*HC:S9480*750*290.7*0905*1~DTM*150*20260623~DTM*151*20260623~CAS*CO*45*427~CAS*PR*2*32.3~REF*6R*CX157223X67744.002~AMT*B6*323~SVC*HC:S9480*750*290.7*0905*1~DTM*150*20260625~DTM*151*20260625~CAS*CO*45*427~CAS*PR*2*32.3~REF*6R*CX157223X67746.002~AMT*B6*323~SE*50*000000001~GE*1*268404464~IEA*1*268404464~