ISA*00*          *00*          *ZZ*CHC            *ZZ*00962249       *260705*0813*^*00501*268403675*0*P*:~GS*HP*CHC*00962249*20260705*08134300*268403675*X*005010X221A1~ST*835*000000001~BPR*I*2808*C*ACH*CCP*01*004401195*DA*0000070420*1411648670**01*121000248*DA*4122170038*20260707~TRN*1*260702090048519*1411648670~REF*EV*133052274~REF*F2*PM~DTM*405*20260703~N1*PR*EVERNORTH BEHAVIORAL HEALTH, INC.~N3*P.O. BOX 182223~N4*CHATTANOOGA*TN*374227223~REF*2U*62308~PER*BL*EDI HELP DESK*TE*8008103388~N1*PE*RENFREW CTR OF PA*XX*1417971904~N3*PO BOX 713700~N4*PHILADELPHIA*PA*191713700~REF*TJ*200994813~LX*1~TS3*1417971904*13*20261231*2*6000~CLP*CX157186X3*1*3750*1755**13*4682618201643*13*3~NM1*QC*1*RUARK*EVA****MI*U8142306703~NM1*IL*1*RUARK*BRIAN****MI*U8142306701~REF*1L*3334085~REF*CE*OPEN ACCESS PLUS~REF*EA*IDX135468X8~DTM*050*20260701~DTM*232*20260622~DTM*233*20260626~PER*CX*MEMBER SERVICES*TE*8002446224~AMT*AU*1755~SVC*HC:S9480*750*351*0905*1~DTM*150*20260622~DTM*151*20260622~CAS*CO*45*399~REF*6R*CX157186X67743.002~AMT*B6*351~SVC*HC:S9480*750*351*0905*1~DTM*150*20260623~DTM*151*20260623~CAS*CO*45*399~REF*6R*CX157186X67744.002~AMT*B6*351~SVC*HC:S9480*750*351*0905*1~DTM*150*20260624~DTM*151*20260624~CAS*CO*45*399~REF*6R*CX157186X67745.001~AMT*B6*351~SVC*HC:S9480*750*351*0905*1~DTM*150*20260625~DTM*151*20260625~CAS*CO*45*399~REF*6R*CX157186X67746.002~AMT*B6*351~SVC*HC:S9480*750*351*0905*1~DTM*150*20260626~DTM*151*20260626~CAS*CO*45*399~REF*6R*CX157186X67747.001~AMT*B6*351~CLP*CX157185X2*1*2250*1053**13*9682618202411*13*3~NM1*QC*1*MITCHELL*MARGARET****MI*U0201974302~NM1*IL*1*MITCHELL*JOSHUA****MI*U0201974301~REF*1L*3346483~REF*CE*OPEN ACCESS PLUS~REF*EA*IDX135379X3~REF*G1*NO AUTH REQUIRED~DTM*050*20260701~DTM*232*20260622~DTM*233*20260626~PER*CX*MEMBER SERVICES*TE*8002446224~AMT*AU*1053~SVC*HC:S9480*750*351*0905*1~DTM*150*20260622~DTM*151*20260622~CAS*CO*45*399~REF*6R*CX157185X67743.002~AMT*B6*351~SVC*HC:S9480*750*351*0905*1~DTM*150*20260624~DTM*151*20260624~CAS*CO*45*399~REF*6R*CX157185X67745.001~AMT*B6*351~SVC*HC:S9480*750*351*0905*1~DTM*150*20260626~DTM*151*20260626~CAS*CO*45*399~REF*6R*CX157185X67747.001~AMT*B6*351~SE*89*000000001~GE*1*268403675~IEA*1*268403675~