ISA*00*          *00*          *ZZ*CHC            *ZZ*00962249       *260627*0813*^*00501*658208207*0*P*:~GS*HP*CHC*00962249*20260627*08130200*658208207*X*005010X221A1~ST*835*000000001~BPR*I*1044*C*CHK************20260626~TRN*1*768163077*1591031071~REF*EV*133052274~REF*F2*GWFC~DTM*405*20260626~N1*PR*GREATWESTHEALTHCARE-CIGNA~N3*8505 E. ORCHARD RD~N4*GREENWOOD VILLAGE*CO*80111~REF*2U*62308~PER*CX*GWHC EDIPROD*EM*EDIESCALATEDREQUESTS@CIGNA.COM*TE*8008103388~PER*BL*EDI HELP DESK*TE*8008103388~N1*PE*RENFREW CENTER OF MASSACHUSETTS*XX*1346674215~N3*PO BOX 713700~N4*PHILADELPHIA*PA*191713700~REF*PQ*200017679834~REF*TJ*463400788~LX*1~TS3*1346674215*13*20261231*1*2250~CLP*CX157098X1*1*2250*1044**13*262332707900*13*3~NM1*QC*1*MEEHAN*MEGAN*M***MI*11164224700~REF*1L*00659045~REF*CE*OPEN ACCESS PLUS~REF*EA*IDX133939X7~REF*G1*NO PRIOR AUTH~DTM*050*20260625~DTM*232*20260615~DTM*233*20260618~AMT*AU*1044~SVC*HC:S9480*750*348*0905*1~DTM*150*20260615~DTM*151*20260615~CAS*CO*45*402~REF*APC*0~REF*6R*CX157098X67736.002~AMT*B6*348~SVC*HC:S9480*750*348*0905*1~DTM*150*20260617~DTM*151*20260617~CAS*CO*45*402~REF*APC*0~REF*6R*CX157098X67738.003~AMT*B6*348~SVC*HC:S9480*750*348*0905*1~DTM*150*20260618~DTM*151*20260618~CAS*CO*45*402~REF*APC*0~REF*6R*CX157098X67739.002~AMT*B6*348~SE*51*000000001~GE*1*658208207~IEA*1*658208207~