ISA*00*          *00*          *ZZ*CHC            *ZZ*00962249       *260702*0616*^*00501*911609242*0*P*:~GS*HP*CHC*00962249*20260702*06164200*911609242*X*005010X221A1~ST*835*000000001~BPR*I*8320*C*ACH*CCP*01*011900445*DA*0000009046*1066033492**01*121000248*DA*4122170038*20260707~TRN*1*826183000315748*1066033492~REF*EV*133052274~DTM*405*20260702~N1*PR*AETNA~N3*151 FARMINGTON AVENUE~N4*HARTFORD*CT*06156~REF*2U*60054~PER*BL*PROVIDER SERVICE~N1*PE*THE RENFREW CENTER OF NEW YORK, LLC*XX*1568561298~N3*PO BOX 713700~N4*PHILADELPHIA*PA*191713700~REF*PQ*466797690~REF*TJ*522227870~LX*1~TS3*1568561298*22*20261231*6*25500~CLP*CX157002X7*1*1500*640**12*EGJNXL4LV0000*13*4~NM1*QC*1*PENA*KARLA~NM1*IL*1*PENA*NESTOR****MI*W27297368303~NM1*74*1*PENA PEREZ*****C*W272973683~NM1*82*2*THE RENFREW CENTER OF NEW YORK*****XX*1568561298~REF*G1*074926921~REF*1L*0285593-016-00180-HD~REF*CE*OPEN ACCESS AETNA SELECT  8480 NET 01344~DTM*232*20260619~DTM*233*20260619~DTM*050*20260625~PER*CX**TE*8886323862~AMT*AU*1500~SVC*HC:H0035*1500*640*0912*1~DTM*472*20260619~CAS*CO*45*860~REF*6R*CX157002X67740.001~AMT*B6*640~CLP*CX157001X6*1*7500*3200**13*EHY2XLJFK0000*13*3~NM1*QC*1*RYAN*OLIVIA*ZAYAS***MI*W29441231901~NM1*82*2*THE RENFREW CENTER OF NEW YORK*****XX*1568561298~REF*G1*074896287~REF*1L*0237164-010-00004- B~REF*CE*AETNA CHOICE  POS II NET 00357~DTM*232*20260615~DTM*233*20260619~DTM*050*20260625~PER*CX**TE*8886323862~AMT*AU*7500~SVC*HC:H0035*1500*640*0912*1~DTM*472*20260615~CAS*CO*45*860~REF*6R*CX157001X67736.001~AMT*B6*640~SVC*HC:H0035*1500*640*0912*1~DTM*472*20260616~CAS*CO*45*860~REF*6R*CX157001X67737.001~AMT*B6*640~SVC*HC:H0035*1500*640*0912*1~DTM*472*20260617~CAS*CO*45*860~REF*6R*CX157001X67738.002~AMT*B6*640~SVC*HC:H0035*1500*640*0912*1~DTM*472*20260618~CAS*CO*45*860~REF*6R*CX157001X67739.001~AMT*B6*640~SVC*HC:H0035*1500*640*0912*1~DTM*472*20260619~CAS*CO*45*860~REF*6R*CX157001X67740.001~AMT*B6*640~CLP*CX157258X3*1*3000*0**13*EXADVPWF00000*13*4~NM1*QC*1*RIVERA*JESSICA****MI*W271374843~NM1*82*2*THE RENFREW CENTER OF NEW YORK*****XX*1568561298~REF*1L*0285593-014-00010-HA~REF*CE*AETNA CHOICE  POS II NET 00357~DTM*232*20260622~DTM*233*20260623~DTM*050*20260630~PER*CX**TE*8886323862~SVC*HC:H0035*1500*0*0912*0**1~DTM*472*20260622~CAS*CO*197*1500*1~REF*6R*CX157258X67743.001~SVC*HC:H0035*1500*0*0912*0**1~DTM*472*20260623~CAS*CO*197*1500*1~REF*6R*CX157258X67744.001~CLP*CX157261X6*1*6000*2560**13*EXTYVPWFV0000*13*3~NM1*QC*1*RYAN*OLIVIA*ZAYAS***MI*W29441231901~NM1*82*2*THE RENFREW CENTER OF NEW YORK*****XX*1568561298~REF*G1*074896287~REF*1L*0237164-010-00004- B~REF*CE*AETNA CHOICE  POS II NET 00357~DTM*232*20260622~DTM*233*20260626~DTM*050*20260630~PER*CX**TE*8886323862~AMT*AU*6000~SVC*HC:H0035*1500*640*0912*1~DTM*472*20260622~CAS*CO*45*860~REF*6R*CX157261X67743.001~AMT*B6*640~SVC*HC:H0035*1500*640*0912*1~DTM*472*20260624~CAS*CO*45*860~REF*6R*CX157261X67745.001~AMT*B6*640~SVC*HC:H0035*1500*640*0912*1~DTM*472*20260625~CAS*CO*45*860~REF*6R*CX157261X67746.002~AMT*B6*640~SVC*HC:H0035*1500*640*0912*1~DTM*472*20260626~CAS*CO*45*860~REF*6R*CX157261X67747.001~AMT*B6*640~CLP*CX156998X3*1*3000*0**13*E0Y2VLQGS0000*13*3~NM1*QC*1*RIVERA*JESSICA****MI*W271374843~NM1*82*2*THE RENFREW CENTER OF NEW YORK*****XX*1568561298~REF*1L*0285593-014-00010-HA~REF*CE*AETNA CHOICE  POS II NET 00357~DTM*232*20260615~DTM*233*20260616~DTM*050*20260625~PER*CX**TE*8886323862~SVC*HC:H0035*1500*0*0912*0**1~DTM*472*20260615~CAS*CO*197*1500*1~REF*6R*CX156998X67736.001~SVC*HC:H0035*1500*0*0912*0**1~DTM*472*20260616~CAS*CO*197*1500*1~REF*6R*CX156998X67737.001~CLP*CX156997X2*1*4500*1920**13*E2FDVQJ9Y0000*13*3~NM1*QC*1*ABEYWARDENA*MELANIE~NM1*IL*1*ABEYWARDENA*JENNIFER****MI*W27238689902~NM1*74*1******C*W272386899~NM1*82*2*THE RENFREW CENTER OF NEW YORK*****XX*1568561298~REF*G1*074689378~REF*1L*0144206-010-00005- A~REF*CE*AETNA CHOICE  POS II NET 00357~DTM*232*20260616~DTM*233*20260618~DTM*050*20260625~PER*CX**TE*8886323862~AMT*AU*4500~SVC*HC:H0035*1500*640*0912*1~DTM*472*20260616~CAS*CO*45*860~REF*6R*CX156997X67737.001~AMT*B6*640~SVC*HC:H0035*1500*640*0912*1~DTM*472*20260617~CAS*CO*45*860~REF*6R*CX156997X67738.002~AMT*B6*640~SVC*HC:H0035*1500*640*0912*1~DTM*472*20260618~CAS*CO*45*860~REF*6R*CX156997X67739.001~AMT*B6*640~SE*165*000000001~ST*835*000000002~BPR*I*14545*C*ACH*CCP*01*031100209*DA*0000009108*1066033492**01*121000248*DA*4122170038*20260707~TRN*1*826183000315754*1066033492~REF*EV*133052274~DTM*405*20260702~N1*PR*AETNA~N3*151 FARMINGTON AVENUE~N4*HARTFORD*CT*06156~REF*2U*60054~PER*BL*PROVIDER SERVICE~N1*PE*THE RENFREW CENTER OF NEW YORK, LLC*XX*1568561298~N3*PO BOX 713700~N4*PHILADELPHIA*PA*191713700~REF*PQ*466797690~REF*TJ*522227870~LX*1~TS3*1568561298*22*20261231*7*33750~CLP*CX157003X1*1*2250*1047**13*EFPDXMMSS0000*13*2~NM1*QC*1*FREESMAN*GABRIELLE****MI*W287410953~NM1*82*2*THE RENFREW CENTER OF NEW YORK*****XX*1568561298~REF*1L*0181808-014-00023-IA~REF*CE*AETNA OPEN ACCESS  MANAGED CHOICE NET 00357~DTM*232*20260615~DTM*233*20260618~DTM*050*20260625~PER*CX**TE*8886323862~AMT*AU*2250~SVC*HC:S9480*750*349*0905*1~DTM*472*20260615~CAS*CO*45*401~REF*6R*CX157003X67736.001~AMT*B6*349~SVC*HC:S9480*750*349*0905*1~DTM*472*20260617~CAS*CO*45*401~REF*6R*CX157003X67738.001~AMT*B6*349~SVC*HC:S9480*750*349*0905*1~DTM*472*20260618~CAS*CO*45*401~REF*6R*CX157003X67739.001~AMT*B6*349~CLP*CX157262X1*1*1500*698**13*EWY2VR6G90000*13*3~NM1*QC*1*FREESMAN*GABRIELLE****MI*W287410953~NM1*82*2*THE RENFREW CENTER OF NEW YORK*****XX*1568561298~REF*1L*0181808-014-00023-IA~REF*CE*AETNA OPEN ACCESS  MANAGED CHOICE NET 00357~DTM*232*20260622~DTM*233*20260624~DTM*050*20260630~PER*CX**TE*8886323862~AMT*AU*1500~SVC*HC:S9480*750*349*0905*1~DTM*472*20260622~CAS*CO*45*401~REF*6R*CX157262X67743.001~AMT*B6*349~SVC*HC:S9480*750*349*0905*1~DTM*472*20260624~CAS*CO*45*401~REF*6R*CX157262X67745.001~AMT*B6*349~CLP*CX157259X4*1*3000*1280**12*EXJNVPWFL0000*13*4~NM1*QC*1*SMITH*AKIA****MI*W283325345~NM1*82*2*THE RENFREW CENTER OF NEW YORK*****XX*1568561298~REF*G1*074697362~REF*1L*0237712-013-00001-CA~REF*CE*AETNA OPEN ACCESS  ELECT CHOICE NET 12104~DTM*232*20260625~DTM*233*20260626~DTM*050*20260630~PER*CX**TE*8886323862~AMT*AU*3000~SVC*HC:H0035*1500*640*0912*1~DTM*472*20260625~CAS*CO*45*860~REF*6R*CX157259X67746.002~AMT*B6*640~SVC*HC:H0035*1500*640*0912*1~DTM*472*20260626~CAS*CO*45*860~REF*6R*CX157259X67747.001~AMT*B6*640~CLP*CX157260X5*1*7500*3200**13*EYFDVPWFG0000*13*4~NM1*QC*1*KAPLAN*SARAH****MI*W265892325~NM1*82*2*THE RENFREW CENTER OF NEW YORK*****XX*1568561298~REF*G1*075105011~REF*1L*0232494-017-00585-NA~REF*CE*AETNA OPEN ACCESS  MANAGED CHOICE NET 00357~DTM*232*20260622~DTM*233*20260626~DTM*050*20260630~PER*CX**TE*8886323862~AMT*AU*7500~SVC*HC:H0035*1500*640*0912*1~DTM*472*20260622~CAS*CO*45*860~REF*6R*CX157260X67743.001~AMT*B6*640~SVC*HC:H0035*1500*640*0912*1~DTM*472*20260623~CAS*CO*45*860~REF*6R*CX157260X67744.002~AMT*B6*640~SVC*HC:H0035*1500*640*0912*1~DTM*472*20260624~CAS*CO*45*860~REF*6R*CX157260X67745.001~AMT*B6*640~SVC*HC:H0035*1500*640*0912*1~DTM*472*20260625~CAS*CO*45*860~REF*6R*CX157260X67746.001~AMT*B6*640~SVC*HC:H0035*1500*640*0912*1~DTM*472*20260626~CAS*CO*45*860~REF*6R*CX157260X67747.001~AMT*B6*640~CLP*CX156999X4*1*4500*1920**12*EYPDVLNP30000*13*3~NM1*QC*1*SMITH*AKIA****MI*W283325345~NM1*82*2*THE RENFREW CENTER OF NEW YORK*****XX*1568561298~REF*G1*074697362~REF*1L*0237712-013-00001-CA~REF*CE*AETNA OPEN ACCESS  ELECT CHOICE NET 12104~DTM*232*20260615~DTM*233*20260618~DTM*050*20260625~PER*CX**TE*8886323862~AMT*AU*4500~SVC*HC:H0035*1500*640*0912*1~DTM*472*20260615~CAS*CO*45*860~REF*6R*CX156999X67736.001~AMT*B6*640~SVC*HC:H0035*1500*640*0912*1~DTM*472*20260617~CAS*CO*45*860~REF*6R*CX156999X67738.003~AMT*B6*640~SVC*HC:H0035*1500*640*0912*1~DTM*472*20260618~CAS*CO*45*860~REF*6R*CX156999X67739.001~AMT*B6*640~CLP*CX157256X1*1*7500*3200**13*EYPDVPWDP0000*13*3~NM1*QC*1*FINNEY*RACHEL****MI*W29825848101~NM1*82*2*THE RENFREW CENTER OF NEW YORK*****XX*1568561298~REF*G1*075029279~REF*1L*0256926-012-00514-EB~REF*CE*AETNA OPEN ACCESS  MANAGED CHOICE NET 00357~DTM*232*20260622~DTM*233*20260626~DTM*050*20260630~PER*CX**TE*8886323862~AMT*AU*7500~SVC*HC:H0035*1500*640*0912*1~DTM*472*20260622~CAS*CO*45*860~REF*6R*CX157256X67743.001~AMT*B6*640~SVC*HC:H0035*1500*640*0912*1~DTM*472*20260623~CAS*CO*45*860~REF*6R*CX157256X67744.001~AMT*B6*640~SVC*HC:H0035*1500*640*0912*1~DTM*472*20260624~CAS*CO*45*860~REF*6R*CX157256X67745.001~AMT*B6*640~SVC*HC:H0035*1500*640*0912*1~DTM*472*20260625~CAS*CO*45*860~REF*6R*CX157256X67746.001~AMT*B6*640~SVC*HC:H0035*1500*640*0912*1~DTM*472*20260626~CAS*CO*45*860~REF*6R*CX157256X67747.001~AMT*B6*640~CLP*CX156996X1*1*7500*3200**13*EZJNVLNPD0000*13*2~NM1*QC*1*FINNEY*RACHEL****MI*W29825848101~NM1*82*2*THE RENFREW CENTER OF NEW YORK*****XX*1568561298~REF*G1*075029279~REF*1L*0256926-012-00514-EB~REF*CE*AETNA OPEN ACCESS  MANAGED CHOICE NET 00357~DTM*232*20260615~DTM*233*20260619~DTM*050*20260625~PER*CX**TE*8886323862~AMT*AU*7500~SVC*HC:H0035*1500*640*0912*1~DTM*472*20260615~CAS*CO*45*860~REF*6R*CX156996X67736.001~AMT*B6*640~SVC*HC:H0035*1500*640*0912*1~DTM*472*20260616~CAS*CO*45*860~REF*6R*CX156996X67737.002~AMT*B6*640~SVC*HC:H0035*1500*640*0912*1~DTM*472*20260617~CAS*CO*45*860~REF*6R*CX156996X67738.002~AMT*B6*640~SVC*HC:H0035*1500*640*0912*1~DTM*472*20260618~CAS*CO*45*860~REF*6R*CX156996X67739.001~AMT*B6*640~SVC*HC:H0035*1500*640*0912*1~DTM*472*20260619~CAS*CO*45*860~REF*6R*CX156996X67740.001~AMT*B6*640~SE*218*000000002~GE*2*911609242~IEA*1*911609242~